3017 4950
697 413 797 463 ns
843 411 1082 462 sunno
1127 411 1453 461 sannen
1502 410 1652 461 ms.
1692 410 1863 460 vm.
2336 394 2469 465 347

345 562 455 629 30.
505 557 581 625 C.
616 556 922 625 Caninius
952 556 1338 645 Drappetem
1377 567 1438 623 et
1472 554 1836 623 Lucterium
1860 556 2270 644 persequitur.
2356 560 2470 627 31.

354 663 662 730 Carnutes
711 674 769 750 et
797 662 1104 748 finitimae
1159 660 1441 727 civitates
1483 661 1554 724 in
1587 659 1790 746 fidem
1833 655 2112 746 recepta.
2162 659 2308 741 32,
2351 663 2466 731 33.

235 785 243 796 “
349 764 693 852 Drappetis
740 776 799 831 et
843 763 1123 830 Lucterii
1151 762 1333 853 fuga
1363 763 1431 829 in
1458 763 1753 851 oppidum
1793 762 2271 846 Uxellodunum,
2303 764 2473 853 quod

347 867 679 942 obsidetur.
793 869 904 949 34,
947 869 1055 935 35.
1099 863 1392 954 Drappes
1450 877 1512 932 et
1573 863 1926 948 Lucterius,
1956 868 2358 955 frumentum
2407 879 2469 935 et

347 983 747 1038 commeatum
773 971 1132 1052 adducturi,
1185 994 1259 1036 ea·
1285 967 1510 1058 oppido
1533 972 1774 1059 egressi,
1814 993 1855 1036 a
1891 969 1968 1037 C.
1995 970 2269 1038 Caninio
2299 971 2472 1061 lega-

346 1085 410 1140 to
462 1073 714 1162 repulsi.
828 1078 939 1144 36.
986 1074 1285 1163 Drappes
1338 1085 1572 1161 eaptus.
1687 1078 1798 1156 37,
1842 1076 1951 1143 38.
2016 1073 2471 1142 Uxellodunum

346 1177 630 1263 operibus
673 1176 1023 1246 inclusum.-
1070 1177 1146 1244 de
1172 1177 1498 1243 Gutruato
1528 1169 1900 1267 supplicium
1920 1190 2206 1247 sumtum.
2293 1179 2471 1247 39-

343 1281 452 1347 43.
482 1280 805 1347 Adventus
836 1278 1099 1348 Caesaris
1136 1281 1224 1346 ad
1260 1278 1783 1347 Uxellodunumt·
1774 1283 2118 1371 oppidani
2166 1282 2248 1348 ab
2303 1295 2471 1370 aqna

332 1381 644 1468 prohibiti
659 1405 681 1444 .·
727 1381 1434 1471 opera-Romanorum
1407 1406 1655 1458 incensa
1678 1409 1700 1447 .·
1737 1385 1900 1472 fons
1928 1385 2144 1473 oppidi
2170 1384 2474 1475 cuniculis

342 1482 688 1553 intercisus.
775 1489 887 1554 44.
971 1485 1343 1553 Uxelloduni
1408 1486 1644 1554 deditio
1663 1518 1684 1555 .·
1743 1510 1926 1575 poena
1978 1488 2431 1577 oppidanorum
2450 1508 2477 1552 .·

345 1586 695 1677 Drappetis
722 1610 887 1654 mors
905 1612 926 1649 .-
993 1588 1325 1656 Lucterius
1368 1590 1725 1676 prehensus.
1811 1595 1922 1660 45.
1971 1589 2217 1659 Treviri
2243 1614 2284 1656 a
2340 1587 2474 1654 La-

346 1691 519 1758 bieno
549 1690 725 1757 victi.
809 1693 919 1760 46.
964 1690 1319 1780 Aquitania
1341 1693 1411 1758 in
1427 1692 1631 1779 fidem
1655 1706 1898 1783 recepta
1921 1724 1943 1764 .-
2000 1693 2304 1784 hyberna.
2356 1695 2471 1775 47,

343 1796 448 1864 48.
500 1793 816 1863 Commius
844 1796 1071 1864 victus.
2468 1782 2480 1789 ⁶

690 1953 696 1960 .
800 1988 939 2055 III.
980 1986 1223 2088 Annus
1284 2005 1396 2055 lx.
1422 1989 1954 2077 proconsulatus.

266 2105 428 2195 Cap.
472 2109 588 2180 49.
640 2105 1159 2199 Praefatiuncula
1217 2106 1516 2174 auctoris.
1638 2104 1902 2173 Caesaris
1960 2097 2354 2195 indu'lgentia
2405 2104 2475 2170 in

349 2210 598 2277 Gallos.
684 2215 792 2279 50.
842 2211 1004 2300 Ejus
1032 2211 1154 2279 iter
1176 2213 1247 2278 in
1279 2209 1568 2291 Italiam,
1617 2209 1971 2277 Antonium
1995 2220 2066 2275 ut
2095 2210 2164 2276 in
2181 2207 2477 2296 petitione

343 2315 675 2383 sacerdotii
702 2316 982 2404 adjuvet.
1069 2318 1177 2383 51.
1227 2313 1440 2381 Caesar
1475 2313 1804 2403 magnifice
1824 2322 2127 2399 exceptus.
2212 2314 2319 2391 52,
2363 2311 2474 2378 53.

348 2417 481 2485 Iter
519 2421 593 2486 in
619 2417 973 2487 ulteriorem
1007 2416 1339 2486 Galliam.
1414 2415 1736 2484 Labienus
1768 2413 2006 2483 Gallice
2042 2412 2296 2504 Togatae
2311 2434 2480 2502 proe-

324 2508 579 2610 sectus:
628 2523 817 2589 initia
847 2523 996 2589 belli
1046 2521 1273 2593 civili&
1360 2525 1470 2603 54,
1515 2524 1624 2590 55.
1672 2515 1979 2609 Legiones
2012 2540 2053 2583 a
2088 2517 2333 2585 Caesare
2347 2537 2470 2604 per

345 2648 593 2694 causam
626 2626 777 2694 belli
805 2625 1109 2694 Parthici
1135 2623 1432 2706 deductae,
1464 2621 1768 2710 Pompeio
1796 2620 2071 2687 tradita.

270 2815 635 2910 CerTUs
656 2834 946 2900 assiduis
965 2834 1098 2900 tuis
1115 2832 1422 2912 vocibus,
1441 2804 1710 2911 Balbe,2
1730 2849 1883 2896 cum
1913 2828 2302 2916 quotidiana
2328 2845 2480 2892 mea

270 2941 590 3004 recusatio
612 2958 747 3003 non
775 2936 1181 3004 difficultatis
1217 2936 1743 3015 exeusationem,
1784 2934 1905 3002 sed
1948 2935 2200 3000 inertiae
2221 2929 2480 2998 videre·

269 3042 365 3104 tur
390 3040 921 3126 deprecationem
950 3041 1218 3118 habere,
1258 3037 1717 3104 difficillimam
1742 3045 1907 3102 rem²
1934 3035 2228 3119 suscepi.
2320 3030 2478 3097 (3ae-

273 3142 433 3229 saris
481 3145 689 3209 nostri
745 3141 1251 3209 commentarios
1309 3160 1527 3206 rerum
1590 3145 1924 3223 gestarum
1981 3136 2281 3213 Galliae)
2341 3149 2481 3196 non

272 3245 737 3332 comparandos
758 3246 1206 3333 superioribus
1228 3250 1430 3329 atque
1447 3237 1973 3327 inseqnentibusb
1993 3239 2142 3324 ejus
2160 3233 2484 3320 scriptiS‚⁴

1194 3418 1554 3445 ”OQOMON

276 3523 298 3550 ⁸
316 3500 479 3573 Deest
515 3521 647 3574 Mas.
671 3525 704 3572 s
743 3527 801 3574 et
835 3522 937 3575 Ed.
961 3520 1164 3575 Ine-³²
1184 3518 1491 3584 menarum
1510 3520 1618 3572 Ma.
1652 3517 1917 3570 samu-c
1938 3513 2274 3580 minimeque
2311 3512 2484 3580 imper·

1271 3668 1487 3723 No'rAE

287 3830 296 3836 —
333 3785 365 3832 ²
395 3781 586 3849 Bsslb‘l
629 3784 683 3835 Is
705 3791 788 3836 est
827 3785 1097 3836 Cornelius
1135 3784 1331 3836 Balbus
1413 3783 1547 3836 saris
1567 3778 2003 3843 amicissimusmt
2023 3775 2298 3829 Suetonius
2320 3774 2484 3841 scrip·

276 3859 449 3927 major,
466 3877 622 3928 quem
636 3863 836 3914 Plinius
856 3863 1068 3929 scripsit
1084 3863 1151 3914 de
1167 3863 1333 3914 Gara·
1413 3861 1544 3912 serit
1561 3865 1826 3911 retentum
1863 3858 2123 3908 Caesarem
2162 3854 2229 3904 ab
2261 3868 2346 3917 eo,
2365 3867 2484 3903 eum

276 3938 524 4007 mantibus
567 3955 726 3990 unum
778 3946 1110 3993 externorum
1157 3939 1334 3991 trium·
1413 3944 1689 3991 conaretur
1710 3949 1984 4000 assurgere
2003 3931 2209 3984 senatui
2227 3931 2296 3981 ad
2314 3945 2370 3981 se
2395 3928 2485 3980 ad·

281 4012 468 4075 phasse.
549 4017 679 4069 Erat
709 4017 847 4067 enim
886 4010 1124 4068 G'adibus
1161 4021 1335 4080 natus,
1414 4022 1619 4069 vocato.

282 4102 422 4151 quem
443 4097 497 4145 et
512 4094 623 4144 Dio
644 4094 874 4145 homines
899 4109 1006 4145 suae
1028 4093 1201 4144 aetatis
1221 4099 1336 4144 tau-
1481 4097 1512 4143 8
1549 4092 1732 4142 Rerum
1748 4094 1995 4152 gestarum
2015 4084 2212 4154 Gallice]
2265 4083 2331 4134 In
2357 4082 2488 4135 Gal·

282 4170 384 4215 tum
399 4171 670 4234 superasse
690 4167 1336 4235 magnificentiaprodidit,
1416 4171 1520 4232 lia;
1554 4174 1615 4219 ut
1652 4166 1866 4228 dieitur,
1898 4161 2107 4226 militie,
2135 4160 2288 4226 flami,
2321 4173 2419 4226 pro
2434 4158 2489 4210 in

283 4246 338 4308 ut
367 4245 586 4297 moriens
622 4247 835 4298 vicenos
877 4246 1060 4312 quinus
1099 4245 1337 4303 denarios
1416 4246 1536 4297 bello
1559 4250 1614 4295 et
1630 4243 1684 4293 in
1698 4241 1834 4293 urbe.

285 4322 462 4386 populo
485 4324 715 4391 Romano
733 4323 1005 4390 legaverit.
1072 4324 1202 4376 Erat
1223 4323 1337 4409 Cas·
1482 4328 1517 4375 4
1549 4322 1662 4374 Non
1693 4317 2025 4384 comparandos
2055 4310 2399 4385 asperioribus
2411 4318 2489 4364 ut-
