3017 4950
505 443 593 509 68

1084 450 1177 503 ,00
1224 447 1301 505 3.,
1334 443 1674 506 Casama
1709 440 2097 506 οοιιιιιιιιτ.

505 613 529 644 ‘
557 612 721 676 nasm
769 598 1300 685 subministrati-Q
1341 593 1619 678 jamque
1664 610 1818 657 esse
1860 591 1930 656 in
1979 590 2157 674 agris
2204 586 2534 657 frumenta
2576 609 2726 655 ma-

506 716 543 777 ‘.
559 716 744 781 tura:
791 705 873 770 de
917 703 1161 777 itinere,
1188 701 1375 784 ipsos
1422 696 1610 761 brevi
1653 700 1946 779 tempore
1985 693 2425 780 judicaturos,

2512 690 2718 771 Quod

505 819 684 881 ‘non
710 811 851 876 fore
881 807 1064 873 dicto
1094 803 1432 877 audientes
1472 801 1742 879 milites,
1781 819 1994 884 neque
2036 800 2226 882 signa
2269 797 2469 861 laturi
2498 796 2726 860 dican-

502 924 525 952 ‘
557 923 679 994 tur,
711 895 875 981 nibil
919 931 991 977 se
1033 929 1119 973 ea
1159 925 1231 997 re
1274 905 1717 970 commoveri.
1766 904 1935 968 scire
1972 902 2171 979 enim,
2200 900 2732 984 quibuscumque

506 1017 887 1093 ‘exercitus
917 1013 1101 1078 dicto
1129 998 1399 1075 audiens
1436 1026 1566 1071 non
1602 1006 1818 1084 fuerit,
1852 1009 1990 1083 aut,
2020 1005 2194 1069 male
2236 1022 2307 1068 re
2351 1007 2562 1086 gesta,
2592 1001 2726 1067 for-

492 1114 496 1119 ’
504 1128 783 1192 ‘tunam
821 1116 1156 1195 defuisse,
1202 1117 1341 1190 aut,
1372 1111 1601 1195 aliquo
1646 1109 1936 1174 facinore
1980 1112 2347 1191 comperte,
2376 1106 2725 1171 avaritiam

505 1232 539 1293 ‘.
558 1243 710 1291 esse
736 1219 1180 1305 conjunctam.
1271 1213 1478 1278 Suam
1511 1213 1953 1276 innocentiam
1981 1217 2302 1296 perpetua
2328 1209 2502 1288 vita,
2519 1208 2731 1274 felici-

509 1334 535 1379 ‘-
563 1331 879 1393 tatem¹⁷5
900 1321 1356 1387 Helvetiorum
1396 1317 1595 1395 belle,
1627 1334 1776 1381 esse
1818 1322 2256 1401 perspectam.

2347 1312 2587 1396 Itaque
2630 1331 2726 1391 se,

509 1427 749 1514 ‘quod
804 1427 873 1490 in
917 1424 1276 1508 longiorem
1317 1421 1493 1484 diem
1544 1418 1901 1485 collaturus
1946 1422 2145 1495 esset,
2147 1425 2176 1452 ⁸
2224 1421 2729 1501 repraesentatu-

511 1538 731 1599 ἦιιιιιιο
758 1527 838 1579 ¹⁷⁶
885 1533 973 1593 et
987 1527 1296 1612 proxima
1339 1529 1538 1588 nocte
1582 1522 1665 1586 de
1712 1529 1948 1606 quarta
1988 1522 2220 1603 vigilia
2264 1512 2486 1585 castra
2511 1524 2734 1582 motu-

513 1641 535 1670 ‘
566 1655 732 1713 rum,
763 1638 837 1698 ut
878 1651 1081 1717 quam
1126 1630 1412 1715 primum
1456 1627 1813 1709 intelligere
1856 1630 2111 1711 posset,
2155 1629 2372 1707 utrum
2401 1620 2583 1707 apud
2611 1639 2735 1685 eos

512 1737 780 1823 ‘pudor
811 1740 1012 1820 atque
1057 1731 1371 1810 officium,
1414 1737 1530 1794 anP
1569 1730 1768 1794 timor
1810 1729 2079 1793 valeret.
2083 1735 2109 1774 ‘¹
2196 1724 2402 1805 Quod
2456 1726 2517 1789 si
2557 1741 2736 1808 prte-

509 1845 533 1893 ‘-
561 1848 742 1906 terea
765 1858 958 1905 nemo
989 1840 1322 1920 sequatur,
1354 1839 1574 1907 tamen
1618 1851 1690 1899 se
1730 1850 1885 1895 cum
1925 1829 2073 1895 sola
2102 1826 2362 1894 decima
2385 1826 2733 1910 legione¹⁷⁷

509 1944 826 2018 ‘iturum,
876 1939 960 2003 de
988 1958 1149 2025 qua
1188 1956 1326 2000 non
1347 1934 1728 2015 dubitaret3
1789 1914 2052 2016 sibique
2113 1940 2282 2009 eam
2344 1929 2734 2015 praetoriam

511 2050 533 2079 ‘
564 2040 999 2111 cohortem¹⁷⁸
1029 2037 1356 2104 futuram?
1445 2037 1636 2103 Huic
1677 2036 1919 2120 legioni
1968 2033 2221 2101 caesar⁸
2265 2039 2332 2100 et
2372 2032 2738 2129 indulserat

511 2146 850 2233 praecipue
877 2149 944 2210 et
971 2146 1239 2229 propter
1263 2143 1572 2207 virtutem
1600 2138 1982 2204 confidebat·
1998 2139 2314 2203 maxime.

1446 2302 1771 2324 ‘ummo
1775 2303 1804 2323 O

512 2406 650 2459 Edd.

513 2474 603 2539 qui

711 2406 1000 2459 uibusdam.
1022 2405 1279 2456 videretur
1287 2355 1434 2455 Carr.
1438 2411 1540 2442 -m
1573 2404 1657 2456 Sic
1680 2406 1740 2456 L.
1778 2419 1856 2469 pr.
1883 2418 1985 2453 non
2008 2368 2265 2466 Lingones.
2269 2408 2358 2440 --ιι
2391 2399 2579 2450 finisset
2601 2397 2736 2448 Mss.

755 2480 810 2523 et
839 2472 978 2523 Edd.
1001 2473 1202 2537 primae.
1205 2479 1294 2510 ——0
1325 2476 1621 2522 tentatur-mn
1659 2470 1793 2522 Edd.
1830 2472 1977 2522 Rom.
2011 2470 2147 2521 Ven.
2187 2466 2334 2519 Med.
2358 2464 2619 2517 Beroaldi.
2644 2479 2744 2515 esse

514 2539 717 2589 addunt
739 2539 871 2589 Mss.
893 2539 1046 2588 multi
1065 2547 1122 2589 et
1138 2538 1273 2588 Edd.
1293 2538 1413 2602 qdd.
1415 2543 1507 2578 —P
1530 2538 1664 2587 male
1686 2538 1786 2587 Ed.
1809 2538 1946 2586 Dav.
1970 2540 2068 2585 aut.
2071 2543 2162 2577 -q
2181 2535 2338 2598 vulgo
2353 2534 2462 2597 plus
2477 2533 2673 2580 valeret.
2674 2557 2740 2568 —-

512 2610 535 2638 ¹
567 2604 719 2656 deest
737 2604 804 2655 V.
828 2618 910 2667 pr.
911 2611 1017 2640 —-⁸—
1029 2604 1185 2667 vulgo
1206 2608 1256 2653 et
1280 2604 1443 2656 Coesnr
1464 2609 1651 2653 contra
1671 2603 1799 2652 Mss.
1824 2602 1912 2651 alii
1937 2602 2060 2651 Caes.
2082 2601 2178 2663 leg.
2195 2598 2322 2649 τὸοι
2344 2598 2494 2648 abest
2515 2612 2549 2646 a
2569 2596 2630 2646 L.
2656 2610 2739 2660 pr.

1524 2733 1575 2782 N
1581 2732 1738 2781 OTAE

520 2888 529 2898 ‚
581 2834 676 2879 175
713 2829 1034 2892 Felicitatem]
1074 2830 1209 2880 Haec
1243 2836 1325 2880 est
1347 2845 1462 2895 quae
1486 2831 1587 2880 nisi

514 2906 704 2956 *virtuti
727 2904 932 2955 bellicae
947 2905 1140 2968 juncta
1175 2895 1352 2970 fuerit,
1373 2907 1500 2956 nihil
1523 2906 1586 2956 fit

514 2981 673 3044 bello,
708 2995 858 3046 quam
892 2981 1077 3031 Cicero
1112 2981 1166 3031 in
1205 2991 1336 3033 orat.
1375 2997 1470 3047 pro
1505 2984 1583 3033 M.

518 3057 778 3110 Marcello
830 3057 1012 3107 scribit
1065 3059 1339 3109 maximam
1382 3067 1586 3124 partem

513 3135 669 3198 quasi
711 3146 829 3184 suo·
855 3134 979 3197 jure
1022 3134 1122 3185 sibi
1179 3135 1480 3198 vindicare,
1464 3153 1478 3165 ·
1531 3142 1587 3185 et

511 3212 766 3278 quicquid
775 3219 858 3263 est
873 3227 1122 3278 prospere
1136 3221 1357 3280 gestum,
1370 3216 1427 3264 id
1436 3229 1587 3279 paene

514 3301 670 3355 omne
714 3290 909 3354 ducere
953 3306 1119 3355 suum,
1162 3305 1314 3355 quam
1368 3299 1592 3355 propter·

519 3367 771 3427 Maximo,
813 3368 1090 3432 Marcello,
1132 3368 1376 3433 Scipioni,
1412 3368 1588 3418 Mario

517 3454 575 3495 et
604 3444 796 3495 ceteris
827 3445 1027 3508 magnis
1053 3444 1455 3510 imperatoribus
1495 3458 1591 3494 sae-

521 3521 640 3583 pius
671 3518 891 3583 imperia
919 3520 1167 3572 mandata
1202 3527 1360 3587 atque
1395 3522 1590 3572 exerci-

522 3603 607 3646 tus
631 3610 740 3645 esse
759 3598 1076 3662 commissos,
1098 3598 1184 3648 cui
1216 3595 1373 3661 etiam
1396 3600 1589 3665 ubique

518 3671 635 3737 ipse
658 3673 834 3724 Ceasar
856 3680 1059 3726 tantum
1080 3674 1280 3726 tribuit.

590 3752 686 3799 176
719 3749 1211 3818 Reproesentaturum]
1239 3752 1309 3802 Se
1326 3751 1589 3808 facturum

523 3827 578 3875 in
601 3827 900 3892 praesentia,
923 3828 1063 3893 quod
1079 3830 1134 3879 in
1153 3830 1308 3879 alium
1331 3828 1471 3879 diem
1506 3845 1592 3882 ce-

514 3904 730 3969 teroqui
745 3903 930 3957 fuisset
948 3906 1225 3958 dilaturus.
1277 3906 1592 3974 Repraesen-

508 3985 639 4028 tare
670 3981 806 4034 enim
826 3983 1043 4038 verbum
1065 3991 1146 4034 est
1164 3985 1302 4048 juris
1335 3999 1431 4048 pro
1465 3991 1590 4040 ante

512 4058 677 4122 diem
666 4066 937 4122 proestare
965 4071 1055 4116 aut
1088 4063 1307 4122 solvere.
1365 4057 1454 4111 Ita
1477 4063 1590 4113 Cic.

523 4134 616 4183 lib.
637 4149 688 4184 v·
720 4136 875 4199 epist.
910 4137 976 4187 ad
1016 4138 1198 4189 Famil.
1241 4139 1470 4204 ‘Neque
1505 4154 1592 4189 ex-

525 4215 742 4273 pectare
778 4214 1026 4277 temporis
1069 4213 1396 4280 medicinam,
1436 4231 1591 4281 quam

529 4292 924 4356 repraesentare
943 4289 1144 4339 ratione
1175 4290 1463 4358 possimus!
1520 4293 1591 4343 Et

530 4359 620 4410 lib.
645 4374 762 4411 xvr.
791 4362 859 4412 ad
888 4363 1163 4414 Tironem:
1200 4365 1216 4394 ‘
1242 4367 1503 4417 conserva
1536 4377 1590 4418 te

1664 2831 1819 2880 mihi:
1855 2830 1967 2881 dies
2002 2830 2364 2894 promissorum
2377 2828 2556 2891 adest,
2579 2841 2739 2893 quam

1666 2906 1825 2964 etiam
1880 2907 2290 2972 repraesentabo,
2332 2906 2376 2956 si
2432 2901 2743 2955 adveneris!

1663 2986 1804 3035 Item
1858 2985 2089 3051 Philipp.
2128 2999 2191 3035 ιι.
2250 2987 2266 3014 ‘
2291 2983 2593 3039 Quinetiam
2630 2997 2750 3042 cor<

1665 3079 1763 3127 pus
1800 3063 2025 3114 libenter
2051 3063 2351 3127 obtulerim,
2374 3062 2417 3112 si
2452 3074 2741 3125 repraesen-

1667 3141 1768 3191 tari
1800 3149 1968 3191 morte
1989 3156 2107 3192 mea
2139 3140 2357 3191 libertas
2387 3136 2620 3189 civitatis
2651 3152 2747 3202 po·

1669 3217 1810 3270 test-⁹

1735 3298 1830 3344 177
1864 3294 2070 3344 Decima
2105 3292 2310 3360 legione]
2359 3263 2444 3341 Sic
2485 3288 2634 3340 dicta
2673 3289 2741 3340 ab

1669 3371 1852 3421 ordine
1893 3370 2147 3420 delectus.
2216 3370 2347 3423 Quae
2388 3381 2543 3431 porro
2585 3379 2743 3415 caus·

1671 3448 1759 3512 sit,
1800 3461 1895 3497 cur
1935 3454 2214 3512 tantopere
2258 3446 2334 3496 illi
2378 3443 2602 3508 coliorti,
2650 3457 2744 3492 seu

1641 3525 1846 3594 ,potius
1902 3524 2122 3589 legioni,
2170 3539 2323 3590 quam
2371 3537 2465 3588 pro
2526 3522 2744 3572 cohorte

1671 3602 1920 3666 praetoria
1938 3601 2100 3652 fuerit
2119 3602 2407 3664 habiturus,
2431 3598 2742 3661 confideret,

1669 3685 1913 3754 qujaerunt
1944 3679 2196 3742 nonnulli,
2226 3677 2367 3752 qued
2403 3676 2533 3726 nihil
2568 3675 2743 3726 admo·

1667 3755 1794 3805 dnm
1811 3762 1976 3805 antea
1994 3756 2170 3806 Caesar
2184 3755 2430 3822 gesserit,
2444 3768 2614 3824 neque
2629 3753 2741 3803 haec

1667 3830 1812 3895 legio
1847 3832 2068 3896 gessisse
2109 3833 2386 3894 scribatur,
2424 3836 2516 3880 aut
2546 3830 2743 3898 majora

1665 3906 1862 3972 fuisse
1847 3923 1903 3959 ιιι
1916 3909 2053 3962 bello
2069 3910 2351 3965 Helvetico
2366 3924 2512 3976 ausa,
2524 3906 2743 3957 frustra:

1670 3999 1792 4038 nam
1812 3987 1897 4038 vel
1919 3981 2009 4035 ina
2031 3987 2168 4050 legio
2186 3985 2461 4052 constabat
2476 3999 2548 4035 ex
2567 3982 2743 4033 amicis

1673 4061 1914 4126 Cincaris,
1952 4063 2036 4111 vel
2066 4062 2263 4114 tribuni
2303 4058 2745 4125 'centurionesque

1672 4145 1822 4196 eraut
1847 4139 1972 4204 ‚ejus
2006 4139 2196 4201 amici,
2212 4140 2295 4189 vel
2328 4138 2510 4204 praelio
2561 4142 2745 4186 contra

1665 4215 1949 4268 Helvetios
1975 4215 2197 4282 insignis
2229 4216 2403 4267 fuerat
2424 4216 2539 4280 ejus
2562 4228 2743 4280 opera,

1677 4291 1760 4341 vel
1780 4291 1951 4355 aliquo
1972 4292 2072 4341 alio
2097 4291 2255 4343 bello.
2751 4329 2768 4338 ,

1744 4370 1839 4418 178
1869 4367 2160 4418 Praetoriam
2190 4367 2446 4433 cohortem]
2489 4364 2745 4420 Praetoria
