3017 4950
476 390 569 457 32
1093 404 1158 451 C·
1205 403 1273 453 J‚·
1312 402 1646 453 CAESARIS
1679 404 2078 457 'COMMENT-

482 561 600 646 qui
626 567 805 631 trans
825 558 1129 625 Rhenum
1155 556 1583 626 incoluerant*
1608 559 1726 624 et
1704 579 1775 624 m
1802 579 2031 644 agrum
2057 559 2435 627 Noricum⁴³
2466 568 2675 631 trans-

478 665 687 737 iermt
714 662 1185 745 Noreiamqueu
1214 666 1716 744 oppugnarunt„
1739 666 2047 748 receptos
2078 663 2168 728 ad
2196 683 2271 730 se
2300 666 2521 732 socios
2549 669 2680 734 sibi

480 768 1822 833 asciscunt..
2561 792 2570 801 .

562 871 630 937 6.
677 870 881 934 Erant
929 867 1192 934 omnino
1238 867 1470 931 itinera
1514 862 1726 946 duo,⁴⁶
1773 869 2016 953 quibus
2066 871 2439 937 itineribus*
2479 870 2676 941 domo

477 926 662 1040 exire
687 979 998 1058 possent:
1044 991 1244 1043 unum
1292 990 1435 1055 per.
1464 970 1833 1055 Sequanos,
1880 979 2230 1056 angustum
2275 979 2343 1039 et
2389 974 2676 1053 difficile,

474 1078 649 1143 inter
670 1083 958 1145 montem
985 1075 1031 1140 J
1034 1095 1222 1143 uram
1247 1081 1314 1140 et
1341 1074 1584 1139 flumen
1612 1073 2082 1156 Rhodanum,'
2123 1078 2243 1142 vix
2265 1074 2684 1162 quasinguli-

479 1181 649 1244 carri
697 1179 1124 1259 ducerentur;
1184 1196 1377 1247 mons
1428 1185 1651 1244 autem
1700 1179 2062 1244 altissimus
2105 1179 2556 1264 impendebat,·
2588 1178 2684 1244 'ut

477 1281 677 1347 facile
706 1283 1023 1367 perpauci
1050 1281 1396 1366 probibere
1415 1287 1730 1365 possent:
1777 1282 2083 1346 alterum¹
2109 1303 2233 1366 per
2254 1282 2681 1347 Provinciam

478 1388 791 1462 nostram,
836 1384 1039 1450 multo
1066 1383 1351 1449 'facilius
1402 1388 1626 1467 atque
1654 1384 2051 1467 expeditiuS‚
2100 1391 2449 1469 propterea
2474 1384 2681 1469 quod

482 1484 965 1555 Helvetiorum&
1002 1487 1164 1551 inter
1192 1485 1353 1550 fines
1388 1491 1456 1550 et
1482 1483 1994 1569 Allobrogum‚⁴⁷
2052 1489 2169 1571 qui
2194 1507 2407 1571 nuper
2432 1486 2683 1571 pacati*

479 1596 707 1667 erant‚-
729 1589 1094 1663 Rhodanus
1138 1588 1301 1667 fluit,
1345 1590 1537 1674 isque
1564 1590 1892 1655 nonnullis
1920 1590 2096 1655 locis
2129 1590 2307 1655 vado
2351 1589 2678 1654 transitur.

479 1691 864 1758 Extremum
895 1693 1218 1778 oppidum
1247 1691 1680 1775 Allobrogum
1716 1701 1841 1770 est,
1885 1693 2392 1776 proximumque
2427 1690 2680 1755 Helve-

476 1794 716 1860 tiorum
741 1794 1037 1873 finibuS‚a
1078 1794 1392 1861 Geneva.
1405 1789 1428 1824 ⁸
1517 1793 1627 1856 Ex
1670 1814 1752 1858 eo
1799 1795 2050 1879 oppido
2099 1815 2272 1880 pons
2297 1793 2387 1859 ad
2430 1793 2681 1858 Helve-

476 1897 604 1962 tios
631 1900 940 1981 pertinet:
984 1880 1461 1979 Allobrogibus
1490 1916 1638 1960 sese
1665 1898 1775 1961 vel
1803 1916 2254 1981 persuasumS‚
2299 1895 2478 1980 quod
2521 1914 2683 1960 non-

480 1999 635 2062 dum
669 2000 846 2065 bono
874 2000 1094 2073 animo
1144 2000 1212 2063 in
1261 1997 1598 2081 Populum
1647 1996 2025 2065 Romanum
2062 2000 2488 2076 viderentur,
2506 2000 2684 2062 exis·-

476 2101 837 2183 timabant3
881 2103 989 2167 vel
1017 2100 1116 2168 vib
1143 2106 1511 2178 coacturOS,
1558 2106 1632 2165 ut
1660 2122 1779 2186 per
1811 2121 1973 2167 suos
2003 2103 2167 2167 fines
2208 2121 2326 2166 eos
2372 2102 2467 2165 ire
2493 2106 2680 2185 pate-

477 2209 715 2271 rentur.
802 2204 1128 2270 Omnibus
1156 2204 1354 2269 rebus
1382 2203 1469 2267 ad
1519 2202 1996 2286 profectionem
2034 2204 2458 2288 comparati&
2506 2203 2683 2269 diem

476 2305 726 2386 dicunt,
772 2328 907 2392 qua
946 2309 1078 2373 die⁰
1126 2308 1218 2373 ad
1262 2308 1478 2392 ripam
1523 2305 1836 2372 Rhodani
1885 2327 2111 2373 omnes
2151 2306 2580 2419 conveniant:
2623 2307 2682 2370 is

1403 2440 1580 2460 OOO‘OO
1583 2441 1697 2460 ‘m
1701 2441 1760 2461 00

450 2582 459 2584 ,
481 2527 698 2576 terh—'¹
720 2525 960 2589 Nonium,
984 2527 1228 2588 Nor-eima,
1248 2526 1471 2589 Non-ium,
1503 2526 1748 2578 Nou-itiam
1765 2526 1896 2576 Mss.
1919 2524 2150 2575 nonnulli
2172 2525 2323 2575 male.
2326 2551 2393 2561 —-
2391 2520 2688 2578 'itineribus

478 2594 628 2637 caret
648 2590 833 2639 Petav.
858 2598 917 2640 ut
937 2591 1071 2641 solet
1091 2592 1181 2641 ille
1198 2592 1330 2642 Cod.
1363 2561 1500 2641 Vide
1522 2606 1661 2653 mox,
1696 2597 1752 2640 et
1775 2591 1841 2640 ad
1874 2590 1962 2641 lib.
1984 2604 2049 2640 11.
2072 2593 2119 2640 c'.
2143 2594 2224 2640 18.
2226 2596 2326 2627 -“
2346 2589 2563 2638 Rhenum
2582 2586 2684 2636 Ed.

484 2653 549 2701 R.
582 2652 766 2717 Steph.
815 2660 872 2704 et
909 2657 1065 2719 vulgo
1087 2656 1385 2719 quocixst—
1403 2657 1607 2705 alces-um
1627 2657 1723 2705 iter
1744 2656 1911 2718 Bong.
1936 2669 2015 2719 pr.
2040 2669 2143 2704 sec.
2146 2662 2235 2697 —5
2254 2654 2381 2702 inter
2402 2653 2500 2731 fin.
2538 2652 2684 2701 Heln.

486 2716 619 2766 Mss.
643 2723 700 2766 ct
721 2717 857 2767 Edu.
881 2720 1115 2769 Vett.²—
1130 2721 1263 2784 pacti
1285 2721 1416 2770 Mss.
1439 2721 1588 2770 multi
1612 2727 1668 2769 et
1706 2721 1805 2770 Ed.
1829 2720 2033 2770 Inc.²——
2049 2715 2240 2795 finibus
2267 2718 2412 2767 deest
2449 2718 2504 2768 in
2536 2716 2685 2766 Carr.

486 2785 542 2829 et
565 2780 717 2831 Leid.
735 2796 800 2846 pr
804 2781 972 2834 .—J³vi
992 2786 1127 2834 male
1150 2785 1299 2835 abest
1318 2785 1385 2836 ab
1408 2785 1508 2836 Ed.
1534 2785 1755 2835 Davisii.
1758 2813 1822 2824 -
1821 2784 1944 2834 ‘die
1963 2799 2065 2834 non
2087 2793 2170 2835 est
2192 2785 2244 2834 in
2267 2784 2454 2835 Petav.
2465 2781 2688 2847 Minis
2723 2839 2728 2842 Α

1465 2899 1678 2952 NOTAE

478 3005 623 3045 eessu
637 2995 915 3048 AEduorum
918 3000 1268 3066 ,Caesarisque
1285 2999 1542 3064 permissu
1622 2997 1789 3047 Gallis
1824 3003 1881 3048 et
1921 2995 2195 3049 Germanis
2220 2959 2402 3047 clusas
2432 2992 2690 3058 appellari

477 3071 553 3120 in
576 3084 692 3122 eam
746 3081 949 3138 partem
1002 3076 1369 3150 migraverant,
1423 3090 1541 3141 quae
1621 3075 1853 3140 scripsit.
1919 3075 2205 3125 Glareanus
2234 3086 2386 3133 vero,
2409 3070 2694 3122 Helvetius

478 3161 617 3198 nunc
638 3148 848 3213 dicitur,
881 3151 1223 3212 Bourbmmois.

541 3229 606 3275 45
639 3225 828 3289 Agrum
862 3228 1114 3292 Noricum]
1155 3228 1298 3292 Ager
1321 3228 1545 3279 Noricus

478 3299 644 3350 oritur
670 3301 737 3351 ab
771 3303 906 3353 OEno
955 3301 1184 3367 flumine,
1232 3304 1545 3354 Germanice

480 3376 594 3440 Iun,
628 3378 695 3428 ad
726 3387 916 3442 ortum,
950 3395 1113 3446 usque
1135 3380 1202 3430 ad
1225 3380 1544 3431 Pannoniam

480 3456 814 3520 protenditur
856 3459 1198 3521 superiorem,
1239 3472 1271 3507 a
1309 3458 1545 3520 meridie,

476 3536 653 3583 monte
686 3533 953 3594 Carvanca
974 3534 1278 3584 terminatur
1309 3541 1365 3586 et
1394 3533 1544 3601 Alpi-

480 3604 580 3655 bus
619 3606 687 3656 ad
729 3608 935 3667 Italiam
976 3608 1154 3677 usq'ne,
1197 3627 1230 3672 a
1265 3613 1544 3676 septentri-

476 3681 679 3745 onibus,
727 3685 992 3736 Danubio.
1096 3688 1176 3736 Ex
1207 3689 1370 3743 Sexti
1421 3687 1541 3742 Rufi

478 3759 742 3810 Breviario
779 3764 1111 3826 cognoscitur
1162 3779 1278 3814 esse
1320 3765 1541 3815 divisum

475 3834 531 3885 in
570 3837 1003 3889 mediterraneum
1044 3845 1100 3888 et
1136 3839 1413 3902 ripensem,
1454 3839 1543 3904 qni

478 3909 546 3958 ad
568 3911 703 3974 ripas
725 3912 967 3964 Danubii.
1024 3913 1129 3980 Qui
1151 3915 1310 3978 igitur
1334 3914 1384 3963 N
1388 3915 1542 3965 orim-

480 3986 689 4052 bergam
733 3990 1165 4054 interpretantur,
1227 4006 1332 4040 non
1375 3991 1543 4041 minus

481 4070 675 4128 errant,
699 4079 848 4128 quam
867 4067 955 4131 qui
970 4067 1236 4132 Sequanos
1256 4083 1288 4116 a
1303 4068 1544 4133 Sequana

479 4135 691 4190 flumine
710 4139 872 4193 dictos
894 4150 1098 4206 putant.

551 4219 619 4265 46
653 4218 808 4267 Erant
825 4222 1011 4270 omnino
1030 4221 1207 4272 itinera
1225 4222 1341 4286 dno]
1386 4223 1541 4274 Rhei-

476 4291 678 4344 Βοιιιιιιε
733 4295 1006 4348 Helvetius
1053 4299 1145 4350 bas
1198 4301 1466 4366 angustias
1509 4316 1543 4351 a

1617 3159 1678 3203 et
1712 3153 1828 3216 ipse
1847 3155 2009 3217 negat
2025 3165 2140 3201 esse
2162 3165 2227 3200 ea
2246 3156 2450 3200 tantum
2475 3146 2688 3209 itinera,

1621 3235 1679 3278 et
1701 3229 1890 3278 multos
1911 3234 2096 3292 patere
2119 3226 2306 3282 exitus
2311 3224 2515 3276 scribit.
2579 3223 2694 3274 lta-

1621 3320 1723 3369 que
1756 3304 1892 3354 hanc
1950 3303 2214 3369 regionem
2256 3303 2437 3353 auditu
2480 3306 2688 3351 tantum

1619 3379 1777 3431 fuisse
1810 3387 1987 3432 notam
2011 3381 2228 3443 caesari,
2260 3395 2415 3447 quam
2446 3378 2561 3444 ipse
2581 3392 2688 3430 non

1623 3458 1835 3510 viderit.

1686 3538 1751 3585 47
1785 3536 2109 3601 Allobmgm]
2178 3487 2495 3598 Allobroges
2538 3534 2689 3583 aaut

1621 3611 1834 3675 partim,
1867 3612 1957 3677 qni
1993 3627 2130 3663 nunc
2162 3611 2406 3661 dicuntur
2439 3607 2689 3670 Sabandi,

1621 3689 1814 3752 partim
1851 3689 2217 3753 Delphinates,
2247 3688 2334 3752 qui
2370 3685 2524 3737 hodie
2560 3684 2689 3738 dioez

1622 3766 1831 3824 cesibus
1852 3767 2186 3820 continentur
2207 3766 2443 3828 Vienuae,
2478 3763 2691 3815 Gratis·
2743 3779 2748 3784 ·

1621 3842 1828 3906 nopolis
1848 3847 1906 3892 et
1929 3844 2177 3894 Genevae.
2260 3841 2465 3896 Horum
2497 3844 2700 3902 metti»,

1622 3918 1762 3982 polis
1777 3923 1893 3968 erat
1915 3918 2138 3969 Vienna.
2203 3918 2391 3981 Nuper
2413 3915 2590 3981 pacati
2611 3913 2691 3964 di-

1622 4002 1830 4059 cuntur,
1852 3997 1975 4060 quia
1997 3995 2205 4058 biennio
2224 4000 2348 4046 ante
2370 3991 2578 4050 fuerant
2598 3989 2689 4040 do-

1621 4072 1738 4122 miti
1759 4088 1792 4122 a
1814 4073 1876 4123 C.
1901 4072 2203 4137 Pomptino,
2238 4070 2328 4136 qui
2350 4070 2478 4120 alias
2496 4068 2689 4162 Pomp-

1620 4150 1781 4201 tinius
1802 4157 1859 4201 et
1881 4151 2138 4201 Pontinus
2161 4149 2418 4202 dicitur..
2691 4201 2702 4212 ‚

1629 4265 1638 4272 .
1684 4230 1749 4276 48
1786 4226 2005 4290 Genea]
2039 4225 2202 4288 Nunc
2213 4223 2280 4273 ad
2275 4220 2689 4294 ripamflelve-

1621 4303 1811 4355 tiorum
1834 4304 2084 4355 translata
2105 4307 2206 4356 est.
2495 4345 2532 4358 ,.
2677 4321 2688 4350 1
