3017 4950
511 424 650 495 212

1140 436 1209 485 c.
1251 434 1311 483 J.
1355 428 1692 481 cnsams
1734 414 2127 479 nouum.

535 596 545 603 ’
601 594 710 659 17.
755 589 981 655 Deum
1029 571 1326 648 maxime
1356 578 1765 642 Mercurium
1806 574 2126 640 colunt:⁵⁷
2172 566 2559 657 hujus-sunt
2579 570 2733 655 pha

516 701 541 731 ‘
568 685 1214 765 mimulam-aff*
1231 686 1409 750 hunc
1430 682 1723 745 omnium
1742 678 2155 743 inventorem
2180 677 2421 742 artium
2439 675 2734 754 ferunt&

1446 864 1595 886 mu
1598 863 1804 884 ‘Omoo

516 997 580 1050 ι.
595 990 945 1057 ‚ea-span
961 990 1028 1041 n.
1048 975 1132 1055 ὦ.
1151 987 1301 1039 deest
1319 987 1539 1039 Pes-⁴
1552 984 1749 1041 aaa.
1764 984 1832 1035 a.
1850 995 1933 1048 pr.
1949 986 2006 1033 et
2018 981 2209 1033 uda-e
2220 978 2355 1031 uu.
2379 972 2524 1050 0.-ξ
2536 975 2585 1026 ιι
2606 948 2740 1027 1031.

1525 1130 1740 1225 nora-'2

508 1361 667 1423 fadis
697 1358 958 1408 mant.
1022 1354 1130 1404 Sed
1164 1352 1233 1403 de
1267 1352 1437 1404 Gallis
1465 1352 1590 1401 solis

517 1442 667 1490 veut
685 1436 786 1486 hoc
806 1434 1021 1485 credere
1041 1431 1265 1481 'l'ertnlL
1285 1430 1340 1478 in
1366 1429 1588 1493 Apolog.

515 1531 568 1567 c.
609 1519 664 1565 9.
742 1513 931 1562 ‘Ecce
976 1511 1032 1559 in
1071 1510 1165 1559 illa
1206 1507 1591 1572 religiodsdma

516 1595 650 1645 urbe
670 1591 1014 1643 AEueadarum
1036 1589 1239 1653 piorum
1260 1594 1345 1637 est
1372 1582 1591 1651 Jupiter

517 1663 748 1738 quidam,
768 1683 923 1735 quem
943 1666 1082 1716 ludis
1101 1665 1208 1715 suis
1226 1666 1452 1735 bumano
1473 1679 1593 1728 pro·

515 1752 669 1802 luunt
687 1747 966 1811 sanguine3
999 1743 1095 1793 sed
1116 1740 1500 1803 bestiariorum,
1516 1741 1591 1789 in·

515 1826 697 1892 quitis.
765 1822 968 1887 opinor
998 1822 1102 1870 hoc
1129 1819 1300 1868 minus
1321 1833 1475 1884 qnam
1503 1818 1593 1866 bo-

515 1901 700 1953 minis?
734 1898 819 1949 Au
842 1900 940 1948 hoc
961 1896 1184 1960 turpius,
1201 1896 1341 1959 qnod
1364 1895 1486 1945 mali
1505 1895 1594 1945 bo-

513 1963 721 2028 m'inis?
782 1974 1044 2025 Minutius
1079 1973 1210 2022 item
1240 1973 1297 2021 in
1329 1972 1588 2022 Octavio:

517 2057 538 2085 ‘
562 2053 742 2106 Hodie
783 2051 851 2102 ab
894 2051 1018 2116 ipsis
1050 2048 1313 2100 Romanis
1368 2049 1593 2098 Latiaris

518 2129 737 2197 Jupiter
779 2128 902 2177 mali
940 2134 998 2177 et
1033 2126 1178 2176 noxii
1214 2124 1435 2174 hominis
1474 2138 1590 2173 san-

511 2206 675 2274 'guiue
717 2204 973 2257 satiatur!
1058 2198 1212 2257 Quod
1256 2209 1312 2255 et
1356 2206 1594 2268 tempore

511 2284 697 2337 Severi
734 2281 1063 2347 imperatoris
1105 2279 1470 2343 perduravisse
1511 2293 1592 2329 os-

516 2362 742 2413 tendunt
760 2359 1106 2410 celeberrima
1124 2364 1180 2406 et
1201 2357 1487 2406 clarissima
1502 2356 1594 2405 illa

517 2446 638 2492 acta
679 2445 875 2493 sanctae
915 2437 1201 2500 Perpetuae
1252 2434 1320 2484 ab
1370 2433 1594 2497 ipsamet

514 2518 731 2582 scripta,
748 2523 805 2567 et
827 2522 950 2568 ante
966 2515 1064 2563 hoc
1081 2512 1393 2562 decennium
1414 2510 1468 2559 in
1489 2524 1596 2560 mo-

514 2592 732 2646 nasterii
755 2591 1051 2644 Casiuensis
1073 2579 1389 2640 bibliotheca
1409 2602 1452 2636 a
1472 2587 1595 2636 doc·

515 2676 575 2720 to
614 2670 759 2721 Luca
796 2668 1075 2717 Holsteuio
1120 2673 1347 2729 reperta.
1432 2663 1594 2713 Multi

518 2749 867 2799 Romanorum
905 2747 1245 2809 imperatores
1277 2748 1498 2808 propter
1533 2741 1595 2791 il-

515 2825 626 2875 lam
681 2823 1058 2876 immanitatem
1108 2820 1370 2871 Druidum
1428 2833 1591 2883 genus

515 2901 902 2966 inhumanaque
954 2899 1208 2950 sacrificia
1252 2905 1595 2949 tentaverunt

516 2976 747 3028 abolere.
778 2977 1054 3027 Suetonius
1070 2976 1123 3024 in
1139 2975 1384 3026 Claudio:
1406 2976 1422 3004 ‘
1441 2976 1597 3027 Drui-

518 3056 703 3107 darum
742 3055 1046 3119 religionem
1086 3055 1226 3119 apud
1249 3054 1430 3106 Gallos
1463 3055 1594 3105 dirae

516 3132 854 3183 immanitatis
896 3138 953 3182 et
993 3138 1194 3182 tantum
1248 3131 1446 3181 civibus
1495 3132 1593 3181 sub

517 3209 758 3275 Augusto
796 3210 1134 3261 interdictam
1171 3209 1380 3273 penitus
1418 3208 1591 3258 abole-

515 3288 631 3343 vit!
695 3287 761 3344 Id
782 3288 990 3337 Tiberio
1027 3287 1307 3354 ascribitur
1338 3300 1371 3334 a
1415 3285 1590 3336 Plinio

518 3377 661 3416 xxx.
685 3370 733 3415 1.
802 3366 952 3420 Idem
973 3364 1087 3416 fere
1108 3366 1266 3416 habet
1281 3365 1478 3416 Strabo
1501 3365 1592 3430 qui

512 3439 712 3491 Tiberii
734 3442 940 3496 videtur
962 3445 1178 3509 aequalis
1200 3444 1382 3494 fuisse.
1435 3443 1594 3492 Pom-

509 3517 668 3587 'peius
687 3533 814 3570 vero
837 3521 1000 3583 Mela,
1020 3522 1104 3587 qui
1123 3522 1329 3576 Claudii
1351 3519 1594 3584 tempori-

505 3591 618 3645 “bus
640 3591 837 3645 dieitur
857 3597 1070 3667 vixisse,
1104 3598 1178 3648 sic
1212 3600 1399 3649 habet:
1435 3601 1451 3628 ‘
1477 3599 1593 3648 Ma·

518 3676 652 3722 nent
687 3673 906 3737 vestigia
949 3673 1172 3730 feritatis
1209 3677 1320 3746 jam
1360 3676 1591 3740 abolitae,

517 3757 679 3822 atque
714 3755 775 3799 ut
810 3750 877 3798 ab
897 3751 1110 3800 'ultimis
1141 3751 1372 3802 caedibus
1395 3758 1595 3815 tempe-

520 3831 658 3886 rant,
680 3826 754 3875 ita
773 3826 1116 3889 nibilominus,
1153 3827 1244 3876 ubi
1274 3827 1496 3880 devotos
1521 3828 1594 3878 al·

519 3905 716 3957 taribus
740 3905 1033 3969 admovere,
1066 3905 1338 3961 delibant.‘
1381 3905 1596 3959 Tacitus

517 3995 645 4031 vero
675 3984 709 4031 l.
738 3996 857 4032 xiv.
893 3982 1173 4044 annalium,
1209 3981 1296 4031 ubi
1335 3982 1597 4036 Druidum

507 4057 715 4110 'mentio
738 4058 799 4110 fit
821 4058 876 4109 in
908 4059 1172 4114 Britannia
1205 4060 1302 4108 ait:
1356 4059 1372 4086 ‘
1393 4058 1595 4108 Excisl-

509 4133 623 4201 'que
655 4136 768 4188 luci.
794 4137 943 4187 saevis
966 4135 1417 4201 superstitionibus
1440 4134 1592 4184 sacri.

520 4215 660 4270 Nam
684 4228 865 4265 cruore
888 4215 1101 4279 captivo
1131 4215 1342 4265 adolere
1381 4229 1496 4264 aras
1537 4220 1594 4263 et

1665 1273 1774 1324 rint
1785 1271 2029 1322 dubitare
2040 1280 2337 1334 possumns;
2347 1268 2497 1316 certe
2506 1259 2743 1321 Druidas

1669 1365 1773 1400 non
1789 1355 1911 1399 sunt
1931 1345 2171 1397 extincti.
2238 1338 2570 1403 Lampridius
2604 1336 2746 1387 enim

1668 1426 1905 1476 meminit
1925 1425 1980 1473 in
2003 1421 2325 1482 Alexandro,
2343 1424 2400 1468 et
2414 1415 2626 1467 Flavius
2634 1415 2748 1464 Vo-

1671 1504 1843 1569 piscus
1864 1507 2043 1551 narrat
2065 1497 2403 1549 Aurelianum
2424 1491 2748 1544 consuluisse

1670 1579 1968 1630 Gallicanas
2003 1574 2286 1626 Druiadas.
2369 1571 2506 1621 Item
2555 1568 2752 1618 dicitnr

1671 1655 2040 1707 Diocletianus
2075 1651 2344 1701 mulierem
2371 1645 2751 1713 ejusmodiffln-

1671 1731 1809 1781 disse
1828 1731 1897 1780 de
1917 1729 2096 1779 futuro
2116 1743 2210 1778 suo
2239 1725 2541 1790 principatu
2565 1721 2753 1773 vatici·

1669 1817 1901 1860 nantem.
1968 1808 2041 1857 Et
2062 1805 2203 1870 apud
2224 1803 2513 1854 Ausonium
2534 1799 2754 1865 quidun

1670 1886 1941 1953 professor
1984 1880 2409 1946 Burdegalensis,
2458 1878 2548 1943 qui
2572 1876 2755 1940 ,Βιρὡ

1670 1969 1839 2018 oensis
1874 1972 2011 2026 erat,
2040 1963 2238 2013 dicitur
2273 1964 2290 1988 ‘
2314 1959 2491 2021 Stirpe
2517 1953 2756 2005 Druida-

1670 2060 1786 2094 rum
1809 2051 1952 2094 satus
1967 2042 2000 2104 ;’
2033 2042 2122 2108 qui
2140 2038 2352 2105 quidem
2372 2034 2627 2100 originem
2648 2043 2755 2082 non

1670 2123 1853 2187 procul
1874 2127 2083 2186 poterat
2099 2125 2302 2183 petere.
2730 2154 2737 2159 .

1736 2204 1801 2249 57
1835 2199 1998 2248 Deum
2016 2196 2226 2245 maxim
2243 2188 2544 2243 mercar-im
2569 2180 2758 2252 ὸοῐιηιὲ]

1672 2280 1793 2331 Qua
1846 2278 2048 2327 ratione
2104 2273 2298 2334 nescio,
2350 2271 2452 2318 uisi
2492 2266 2641 2335 quod
2688 2256 2756 2315 ad

1670 2360 1901 2423 quaestus
1944 2352 2280 2417 pecuniarum
2320 2345 2602 2396 maximam
2650 2342 2759 2392 vim

1671 2432 1867 2483 habere
1888 2429 2196 2491 credebant,
2218 2433 2279 2477 ut
2309 2426 2423 2490 ipse
2444 2420 2616 2472 refert
2639 2420 2760 2471 Caz-

1675 2528 1780 2574 sar,
1794 2524 1907 2577 qua
1924 2508 2040 2559 fere
2061 2514 2238 2558 mente
2278 2503 2412 2554 dicit
2448 2499 2583 2552 Hor.
2660 2502 2679 2529 ⁴
2706 2500 2757 2551 Ο

1675 2590 1838 2651 cives,
1875 2587 2038 2650 civeS‚
2061 2582 2347 2654 quaereuda
2385 2579 2615 2645 pecunia
2650 2577 2761 2643 pri-

1673 2680 1814 2715 mum
1834 2670 1954 2724 est;
1987 2662 2174 2728 Virtus
2195 2665 2316 2726 post
2335 2654 2611 2707 nummos.'
2635 2656 2760 2707 Quo

1674 2743 1884 2792 nomine
1928 2740 2272 2805 appellarent,
2303 2736 2511 2794 nescio;
2565 2732 2760 2782 eodem

1676 2836 1781 2886 quo
1804 2817 2073 2882 Germani,
2088 2823 2150 2878 nt
2171 2812 2422 2865 credibile
2442 2815 2544 2860 est.
2582 2808 2761 2874 Siqui-

1676 2897 1798 2946 dem
1837 2895 1947 2946 illa'
1964 2898 2300 2958 tempestate,
2324 2889 2565 2953 ‘ipsomet
2615 2891 2759 2936 teste

1677 2975 1905 3036 Caesare,
1925 2968 2248 3022 Mercurium
2266 2980 2370 3016 uon
2392 2968 2669 3026 noverant,
2700 2966 2761 3011 et

1675 3055 1862 3116 postea
1900 3063 1933 3096 a
1970 3045 2137 3096 Gallis
2171 3039 2434 3105 accepisse
2468 3037 2761 3088 verisimile

1673 3133 1777 3190 est,
1828 3122 2050 3174 Wodam
2107 3118 2463 3185 appellabant.
2555 3115 2757 3164 Paulus

1672 3203 1811 3257 enim
1842 3201 2005 3250 Diae.
2038 3214 2102 3248 eo
2137 3197 2344 3247 nomine
2377 3192 2540 3243 fuisse
2565 3208 2598 3241 a
2620 3185 2759 3242 L'an·

1672 3277 1916 3344 gobardis
1941 3275 2260 3344 appellatum
2283 3270 2484 3336 scribit,
2506 3269 2657 3333 cujus
2679 3267 2756 3317 rei

1673 3361 1979 3421 argumento
2001 3367 2114 3403 esse
2138 3356 2336 3416 potest,
2359 3346 2497 3412 quod
2532 3344 2757 3409 Belgice

1668 3437 1924 3485 hactenus
1947 3430 2203 3480 Mercurii
2237 3428 2348 3477 dies
2371 3425 2585 3488 dicitnr,
2615 3424 2757 3474 Ποπ-

1671 3516 1802 3574 stag,
1825 3511 1881 3560 id
1903 3515 2004 3571 est,
2028 3501 2284 3557 Mercurii
2304 3506 2436 3554 dies.

1740 3596 1807 3641 58
1857 3588 2019 3650 Hqias
2068 3589 2177 3636 suat
2228 3583 2439 3649 plurima
2472 3577 2758 3647 simulacra]

1677 3672 1937 3722 Cornutus
1960 3668 2053 3720 lib.
2087 3668 2155 3717 dc
2176 3673 2365 3715 natura
2386 3664 2645 3725 Deorum,
2666 3671 2756 3710 cu·-

1664 3748 1796 3798 'bica
1838 3746 1999 3797 fuisse
2043 3744 2247 3807 scribit,
2291 3740 2410 3807 quia
2453 3738 2757 3790 Men-curius

1675 3825 1913 3875 veritatis
1946 3828 2030 3872 est
2061 3820 2241 3882 index,
2265 3833 2381 3884 quae
2405 3815 2503 3865 sibi
2546 3825 2758 3876 semper

1675 3908 1761 3952 est
1816 3898 1996 3950 similis
2020 3914 2033 3947 :
2112 3885 2438 3961 quocumque
2496 3895 2755 3949 vertatur,

1678 3994 1884 4045 semper
1911 3976 2097 4028 eadem
2136 3977 2379 4038 apparet,
2400 3975 2458 4019 et
2478 3975 2539 4019 ut
2562 3975 2756 4032 corpus

1675 4057 1916 4113 cubicum
1934 4055 2260 4119 qdbcumque
2270 4046 2527 4117 jaciatur,
2546 4048 2757 4110 semper

1676 4140 1785 4186 stat
1805 4138 1968 4183 recta.

1741 4214 1807 4260 59
1839 4209 1988 4259 Hunc
2012 4207 2219 4257 munium
2253 4204 2548 4253 invaderem
2576 4199 2758 4256 ιιι-ῆι*

517 4289 782 4342 homiuum
824 4291 969 4342 fibris
1011 4293 1281 4342 consulere
1326 4291 1469 4340 Deos
1510 4288 1591 4340 fas
1657 4286 1856 4350 snat]
1887 4286 2028 4336 Hinc
2060 4280 2293 4333 manavit
2323 4277 2666 4339 consuetudo,
2686 4279 2755 4324 ut

519 4367 750 4432 habent?
805 4367 892 4422 Au
913 4368 1092 4422 excisa
1108 4369 1199 4426 illa
1217 4367 1461 4426 instituta
1480 4365 1593 4423 fue-

1672 4362 2046 4435 in'Gyumasils
2074 4355 2323 4440 literariis
2356 4370 2458 4412 uua
2492 4371 2612 4416 cum
2627 4352 2757 4406 1³⁸1-
