3017 4950
528 404 663 473 416

1129 420 1196 468 C.
1239 416 1302 467 J·
1346 413 1674 465 cAEsARls
1719 412 2109 463 connum·-

530 563 708 635 tulus
724 562 1015 630 libertati
1037 561 1402 643 confirmat,
1426 565 1654 648 atque‘¹
1674 559 1761 626 iis
1783 578 1994 646 equos
2019 556 2342 637 attribuit,
2356 561 2422 622 et
2452 574 2527 621 se
2548 552 2731 641 sequi

512 668 762 755 jussit·
809 685 980 752 quos
1007 670 1265 751 postea,
1294 665 1585 731 monitus
1614 665 1702 729 ab
1732 663 1896 742 suiS,
1949 661 2131 747 quod
2176 681 2261 726 ea
2307 680 2414 726 res
2446 659 2732 723 omnium

517 771 776 858 judicio
825 769 1437 856 reprehendebatur,
1439 777 1496 820 ⁹⁷
1544 769 1794 835 circum
1836 765 2126 879 familias
2153 770 2515 832 conventus
2546 757 2736 828 Cam·

527 875 744 961 pani⁹⁸
778 873 1101 940 custodiae
1128 892 1337 940 causa
1365 871 1716 938 distribuit.

614 980 723 1045 15.
763 977 1062 1044 Auximo
1092 973 1324 1041 Caesar
1349 993 1767 1059 progressus»,
1798 991 2058 1038 omnem
2102 990 2331 1055 agrum
2360 967 2737 1037 Picenumw

528 1084 870 1167 perenn-it.

960 1076 1238 1144 Cunctae
1287 1097 1511 1143 earum
1554 1076 1892 1161 regionum
1923 1075 2342 1170 praefecturae
2385 1072 2738 1138 libentissi·

528 1182 663 1249 mis
689 1182 927 1248 animis
954 1200 1106 1246 eum
1131 1180 1484 1264 recipiunt,
1505 1180 1999 1281 exercitumque
2021 1178 2168 1263 ejus
2194 1177 2504 1241 omnibus
2530 1176 2744 1240 rebusr

519 1285 785 1371 juvant.
873 1282 1098 1348 Etiam
1127 1280 1524 1368 Cingulo,¹00
1553 1281 1737 1367 quod
1765 1282 2085 1367 oppidum
2137 1279 2476 1346 Labienus
2506 1277 2740 1344 consti-

1450 1448 1601 1469 euee
1607 1444 1780 1469 ‘ecee-'e
1785 1445 1814 1468 e

532 1553 557 1579 ⁰
571 1545 668 1598 sibi
687 1545 748 1599 L.
770 1554 968 1617 sec.——1’
982 1547 1070 1600 Sic
1091 1548 1221 1600 Mss.
1244 1563 1294 1601 o.
1318 1553 1375 1600 et
1395 1547 1532 1607 Edd.
1548 1560 1643 1616 pp.
1667 1547 1840 1616 quaed.
1861 1546 2004 1600 Edit.
2023 1547 2087 1598 ud
2103 1545 2304 1606 son—¹1
2328 1543 2481 1596 deest
2502 1541 2568 1592 L.
2595 1555 2738 1607 pr.—

1526 1678 1738 1730 NOTAE

530 1771 733 1837 bei-ent,
768 1774 858 1840 qni
890 1775 992 1826 illis
1031 1776 1341 1840 spectaculis
1372 1775 1594 1827 mirifice

529 1849 912 1920 delectabatur,
936 1855 1376 1921 tradebanturque
1388 1855 1468 1905 illi
1488 1869 1624 1905 ser·-

528 1930 584 1980 vi
622 1933 881 1996 magistris
911 1933 1270 1998 gladiatoriam
1306 1938 1471 1983 artem
1506 1932 1598 1982 do-

529 2008 699 2073 cendi,
740 2010 829 2074 qui
850 2011 1082 2074 magistri
1104 2010 1327 2061 Lanistae
1351 2009 1595 2069 dicebau-

531 2087 668 2134 tur.
699 2084 871 2134 Locus
896 2100 1049 2149 porro
1082 2086 1135 2136 in
1164 2101 1266 2152 quo
1291 2084 1596 2135 erudieban-

531 2165 637 2222 tur,
675 2158 837 2212 ludus
867 2162 1158 2213 dicebatur.
1222 2161 1341 2226 His,
1369 2168 1430 2212 ut
1451 2161 1594 2213 vide·

527 2235 702 2301 batur,
738 2238 984 2301 promissa
1018 2239 1237 2290 libertas
1270 2246 1403 2303 erat,
1439 2254 1595 2305 quam

529 2319 730 2364 certam
752 2313 884 2367 fecit
903 2316 1177 2381 Lentulus,
1219 2331 1249 2366 e
1278 2316 1417 2366 ludis
1449 2317 1597 2367 emit-

528 2391 690 2441 tendo
727 2391 817 2442 ubi
848 2399 1005 2444 erant·
1036 2394 1287 2446 conclusi.
1355 2395 1514 2445 Forte
1529 2394 1594 2444 12·-

531 2467 713 2520 bertate
732 2470 1027 2535 legendum.

592 2550 658 2616 97
695 2547 835 2602 Quod
869 2563 926 2599 ea
957 2564 1035 2598 ms
1073 2550 1282 2599 omnium
1299 2549 1488 2611 judicio
1518 2564 1593 2599 re-

523 2624 920 2689 prehendebatur]
964 2627 1096 2676 Ideo
1135 2627 1386 2677 Lentulus
1422 2641 1596 2692 repre-

526 2699 868 2764 hendebatur,
907 2703 1046 2766 quod
1080 2717 1252 2753 servos
1286 2709 1594 2766 armaverat,

530 2776 715 2841 quibus
735 2778 962 2828 militare
984 2793 1086 2828 uon
1107 2778 1318 2830 licebat.
1387 2781 1472 2829 Ne
1501 2780 1596 2844 igi-

531 2858 622 2902 tur
656 2854 710 2903 in
745 2855 1032 2918 legionibus
1072 2856 1315 2906 Romanis
1355 2855 1491 2905 servi
1525 2856 1598 2905 vi-

531 2931 801 2996 derentur,
838 2934 1021 2992 maluit
1061 2934 1203 2984 circa
1239 2933 1464 2984 familias
1495 2934 1600 2985 dis-

530 3010 782 3063 tribuere.
848 3014 1079 3064 Famiiiae
1122 3028 1276 3077 porro
1306 3021 1459 3063 erant
1484 3025 1598 3064 'ser-

530 3091 727 3153 vorum,
771 3091 859 3155 qui
884 3091 1105 3141 tumultu
1139 3090 1278 3141 civili
1302 3090 1599 3154 potuissent

529 3179 718 3230 magno
757 3166 1080 3218 dominorum
1117 3167 1304 3218 damno
1335 3168 1599 3232 ergastula

462 3247 468 3253 ’
529 3242 834 3311 refringere,
852 3246 948 3296 nisi
969 3246 1210 3297 custoditi
1231 3245 1466 3296 fuissent.
1511 3245 1594 3296 ci-

531 3335 654 3371 cero
687 3322 842 3385 epist.
878 3323 945 3373 ad
973 3321 1142 3374 Attic.
1166 3337 1266 3372 vn.
1293 3327 1373 3373 13.
1423 3320 1443 3349 ‘
1471 3319 1596 3373 Gia-

529 3395 758 3450 diatores
798 3401 1021 3451 Caesaris
1063 3399 1155 3465 qui
1209 3399 1401 3465 Cap'uae
1458 3404 1595 3461 sunt,

458 3471 463 3476 ’
530 3488 655 3523 sane
692 3476 960 3526 commode
1000 3476 1279 3542 Pompeius
1327 3475 1598 3527 distribuit

530 3550 679 3601 binos
700 3553 909 3617 siugulis
932 3553 1164 3618 patribus
1188 3551 1427 3624 familias,
1450 3567 1597 3601 secu-

531 3633 700 3679 torum
718 3629 909 3680 inludo
925 3646 1011 3681 mo
1029 3629 1252 3693 fuerant,
1267 3632 1595 3696 eruptionem

526 3702 720 3755 facturi
740 3705 899 3758 fuisse
920 3707 1269 3775 videbantur?

593 3785 660 3830 98
695 3783 949 3850 Campani]
981 3784 1264 3847 Campania
1290 3784 1436 3834 dicta
1454 3785 1542 3834 vel
1564 3800 1595 3834 a

460 3920 465 3926 Ι
527 3862 806 3923 metropoli
829 3861 1026 3924 Capua,
1069 3860 1150 3910 vel
1181 3860 1319 3925 quod
1352 3861 1424 3910 sit
1457 3875 1593 3910 cam-

529 3937 744 4000 pestris,
787 3933 855 3987 de
901 3952 1001 4003 qua
1046 3944 1125 3988 tot
1161 3937 1417 3986 habentur
1452 3937 1594 4001 apud

532 4011 833 4063 Ciceronem
861 4014 913 4062 in
938 4013 1173 4063 oratione
1198 4013 1262 4063 de
1285 4013 1425 4078 Le3e
1453 4024 1596 4077 agra-

531 4087 626 4149 ria,
645 4103 779 4139 nunc
808 4081 952 4140 Terra
974 4092 1026 4140 di
1049 4092 1254 4141 Lavore.

596 4168 663 4213 99
694 4166 945 4230 Picenum]
977 4168 1146 4217 Italiae
1179 4166 1341 4232 regio,
1361 4168 1428 4218 ad
1451 4182 1594 4217 mare

532 4237 874 4305 Adriaticum,
911 4243 979 4292 de
1023 4258 1126 4308 qua
1164 4258 1323 4307 supra
1372 4245 1594 4308 dictum,

472 4333 479 4338 ·
533 4314 624 4398 ubi
655 4322 713 4367 et
748 4323 993 4369 notantur
1013 4319 1205 4392 limites
1236 4317 1420 4386 quibus
1455 4320 1596 4373 omni

1676 1791 1745 1827 ex
1804 1780 1959 1842 parte
2024 1769 2486 1833 circumscribitur,
2544 1764 2746 1818 Mare-lu

1655 1855 1931 1909 &Ancone-

1742 1928 1838 1984 100
1875 1926 2105 1995 Cingulo]
2137 1929 2410 1994 Cingulum
2430 1926 2746 1977 Picenoram

1677 2009 1947 2075 oppidum,
1985 2022 2125 2059 nunc
2167 2020 2356 2057 nomen
2391 2004 2594 2054 retinet
2636 2002 2750 2051 Cia·

1670 2088 1802 2150 gulo.
1869 2085 2025 2138 Quod
2049 2084 2215 2148 magis
2248 2082 2435 2132 mirum
2457 2078 2585 2143 fuit,
2609 2074 2749 2144 quod

1676 2179 1708 2214 a
1727 2158 1956 2214 Labieno
1992 2160 2214 2212 fuissent
2235 2158 2450 2222 conditi,
2470 2161 2660 2222 estque
2681 2154 2754 2204 ad

1673 2241 1875 2293 radices
1892 2241 2081 2292 montis
2097 2238 2358 2304 Apennini
2382 2234 2642 2301 oppidum
2662 2246 2752 2297 po·

1676 2318 1850 2383 situm,
1891 2324 1997 2369 non
2042 2317 2224 2382 procul
2270 2316 2335 2366 ab
2374 2314 2612 2378 Ancona,
2658 2309 2749 2361 sed

1672 2401 1845 2446 metus
1889 2394 2111 2445 Caesaris
2166 2391 2460 2457 praevaluit.
2553 2391 2750 2454 Magna

1673 2472 1884 2539 quidem
1930 2471 2192 2524 Labienus
2234 2472 2471 2536 gesserat
2525 2465 2749 2519 Caesaris

1675 2551 1936 2615 auspiciis,
1978 2557 2037 2601 ut
2084 2547 2432 2614 superioribus
2473 2545 2629 2596 libris
2685 2544 2748 2594 de
2839 2574 2845 2579 ·

1671 2627 1811 2678 bello
1844 2626 2051 2678 Gallico
2087 2625 2495 2675 demonstratum
2535 2627 2641 2684 est,
2680 2626 2752 2671 at·

1674 2718 1775 2769 que
1795 2702 1919 2753 inde
1943 2708 2114 2754 tantas
2136 2701 2344 2751 divitias
2365 2704 2674 2765 paraverat,
2694 2701 2752 2747 ut

1674 2787 1731 2831 et
1752 2780 1947 2846 oppida
1968 2780 2222 2830 conderet
2239 2785 2293 2829 et
2311 2776 2512 2828 Caesari
2541 2791 2638 2827 suo
2662 2771 2749 2824 im·

1675 2858 1907 2924 peratori
1937 2872 2180 2923 magnam
2217 2855 2467 2906 invidiam
2511 2852 2747 2914 faceret3

1676 2942 1956 3002 postquam
1977 2950 2103 2986 vero
2138 2934 2206 2984 ad
2230 2932 2546 2996 Pompeium
2572 2929 2748 2981 transi·

1676 3014 1772 3077 vit,
1797 3027 1897 3063 non
1927 3013 2054 3063 item
2089 3012 2259 3061 clarus
2282 3003 2400 3059 fuit.
2469 3009 2629 3060 Unde
2651 3007 2749 3058 Lu·

1676 3104 1861 3139 canus:
1897 3090 1914 3118 ‘
1937 3089 2033 3139 Vir
2055 3086 2206 3138 fortis
2240 3087 2295 3135 in
2316 3085 2472 3135 armis
2492 3084 2749 3135 Caesareis

1675 3167 1934 3218 Labienus
1975 3174 2110 3229 erat,
2147 3179 2285 3216 nune
2323 3160 2604 3227 transfuga
2641 3161 2749 3211 vilis
2837 3173 2844 3178 ·

1678 3246 1807 3296 Cum
1830 3246 1964 3295 duce
1999 3245 2221 3309 praelato
2264 3250 2430 3293 terras
2467 3247 2632 3307 atque
2664 3256 2751 3306 op·

1674 3323 1802 3387 pida
1840 3321 2062 3372 lustrat.'
2142 3321 2278 3370 Nam
2315 3319 2558 3369 omnibus
2599 3317 2745 3369 bellis

1676 3406 1860 3450 contra
1899 3400 2162 3451 Caesa'rem
2199 3396 2473 3448 interfuit:
2535 3397 2744 3447 tandem

1675 3476 1815 3541 apud
1868 3477 2121 3527 Mundam
2174 3474 2457 3526 fortissime
2512 3476 2744 3539 pugnans

1674 3554 1888 3605 cecidit.
1957 3554 2058 3605 Ille
2077 3554 2192 3617 ipse
2212 3560 2310 3611 est,
2333 3553 2420 3617 qui
2450 3552 2697 3602 inductus
2715 3563 2744 3599 a

1675 3631 1882 3688 Caesare
1902 3633 1964 3683 C.
1985 3631 2254 3681 Rabirium
2274 3629 2617 3679 Posthumum
2637 3635 2745 3692 per-

1675 3709 1950 3760 duellionis
1972 3724 2116 3759 reum
2138 3707 2290 3773 fecit,
2315 3706 2402 3771 qui
2431 3705 2743 3754 Posthumus

1672 3782 1776 3835 fuit
1798 3799 1832 3833 a
1851 3784 2106 3836 Cicerone
2129 3781 2390 3844 defensuS,
2413 3781 2637 3846 ejusque
2660 3792 2742 3827 ex·
2808 3774 2822 3785 ⁹

1678 3866 1757 3910 tat
1794 3863 2051 3925 praeclara
2090 3860 2274 3910 oratio.
2353 3856 2574 3907 Labieni
2611 3845 2740 3905 filius

1674 3939 1742 3992 Q.
1770 3939 2028 3989 Labienus
2053 3947 2172 4003 post
2192 3943 2411 3987 mortem
2434 3933 2664 3985 Ca‘saris
2678 3930 2742 3982 ad

1673 4016 1895 4067 Brutum
1938 4023 1995 4066 et
2032 4016 2266 4067 Cassium
2290 4027 2346 4063 se
2378 4010 2654 4076 applicuit,
2679 4008 2739 4068 ab

1671 4090 1878 4158 illisque
1939 4097 2022 4141 est
2052 4090 2117 4140 ad
2154 4089 2387 4139 Orodem
2429 4086 2739 4136 Parthorum

1672 4183 1851 4234 regem
1866 4170 2074 4236 missus,
2090 4168 2200 4230 ubi,
2217 4155 2399 4216 audita
2415 4164 2569 4215 clade
2591 4176 2737 4227 quam

1674 4245 1813 4310 apud
1836 4245 2105 4311 Philippos
2126 4243 2265 4333 passi
2300 4241 2532 4307 fuerant,
2558 4238 2738 4290 mansit

1673 4320 1871 4376 diffisus
1889 4321 2046 4374 rebus
2067 4321 2190 4388 suis,
2219 4335 2336 4373 cum
2356 4318 2543 4386 quibus
2566 4322 2622 4369 et
2641 4314 2737 4368 Pa·
