3017 4950
870 197 899 217 d

688 436 787 486 nn
834 434 1074 485 annno
1117 434 1357 484 mvn-„1
1406 424 1555 487 mn.
1600 436 1652 487 ι.
1699 436 1864 486 car.
1910 420 2020 489 13.
2328 421 2463 516 4133

288 634 293 639 -
336 584 442 651 12.
486 583 746 650 Interea
771 584 1006 649 certior
1029 581 1269 660 factus,
1300 581 1606 666 Iguvium
1645 580 2062 647 Thermum⁸⁶
2105 588 2462 668 praetorem

204 754 209 763 ,
261 687 657 753 cohortibusp
704 689 993 772 quinque
1042 691 1281 764 tenere,
1354 684 1676 770 oppidum
1728 686 1983 749 munire
2035 688 2460 773 omniumque

259 809 396 854 esse
416 788 840 873 Iguvinorum
858 790 1179 874 optimam
1202 806 1359 870 erga
1377 806 1451 852 se
1472 788 1904 865 voluntatem,
1927 786 2280 853 Curionem
2306 806 2459 857 eum

257 892 455 956 tribus
483 878 880 971 cohortibuS,
930 911 1101 977 quas
1131 890 1401 956 Pisauri
1427 896 1494 956 et
1522 888 1833 955 Ariminiq
1875 891 2186 969 habebat,
2229 893 2453 959 mittit.

258 992 455 1078 Cujus
500 994 784 1060 adventu
835 995 1122 1078 cognito,
1175 991 1428 1057 diffisus
1472 993 1819 1076 municipii
1852 994 2209 1067 voluntate‘
2254 994 2460 1060 Ther-

254 1115 414 1175 mus,
453 1099 758 1164 cohortes
786 1119 873 1164 ex
899 1099 1063 1163 urbe
1091 1097 1335 1163 educit⁸
1365 1102 1432 1162 et
1455 1097 1786 1183 profugit:
1831 1097 2079 1180 milites
2097 1098 2168 1160 in
2184 1098 2458 1162 itinere¹⁸

253 1200 333 1264 ab
357 1220 434 1265 eo
462 1201 806 1267 discedunt
833 1220 914 1268 ac
943 1199 1213 1266 domum
1240 1205 1665 1267 revertuntur.
1721 1197 1924 1267 Curio
1953 1200 2244 1264 omnium
2274 1218 2456 1267 sum·-

250 1306 355 1366 'ma
379 1304 713 1369 voluntate
745 1303 1052 1387 Iguvium
1079 1302 1336 1389 recipit.
1427 1301 1696 1382 Quibus
1721 1303 1921 1373 rebus
1949 1304 2256 1387 cognitiS‚
2299 1323 2457 1387 con·-

251 1400 403 1468 fisus
453 1406 963 1491 municipiorum
1010 1390 1469 1470 ¹voluntatibus
1494 1420 1499 1426 ’
1525 1403 1780 1484 Caesar,
1832 1403 2136 1471 cohortes
2184 1398 2484 1490 legionis*

252 1520 391 1570 xm
449 1527 540 1571 ex
607 1506 945 1592 praesidiis
1014 1506 1303 1572 deducit‘
1357 1498 1860 1592 Auximumque
1915 1507 2356 1592 proficiscitur
2376 1507 2454 1574 :⁸⁷

248 1606 422 1690 quod
468 1609 797 1693 oppidum
845 1606 1102 1674 Attius¹¹
1149 1610 1533 1675 cohortibus
1579 1609 1972 1676 introductis
2003 1613 2288 1689 tenebat,
2339 1610 2457 1676 de-

246 1708 639 1796 lectumquev
665 1716 810 1777 toto
840 1710 1147 1777 Piceno⁸⁸
1201 1712 1678 1777 circummissis
1701 1713 2118 1777 senatoribus
2142 1713 2453 1779 habebat.

324 1813 428 1911 l3.
471 1811 789 1882 Adventu
839 1814 1136 1883 Caesaris
1185 1816 1478 1898 cognito,
1524 1813 1967 1879 decuriones⁸⁹
2016 1813 2305 1911 Auximi.
2368 1813 2457 1880 ad

1167 1971 1492 2002 mommolo
1466 1979 1526 2000 ee

244 2058 359 2125 sing.
380 2064 447 2115 V.
472 2079 601 2116 am.
632 2065 1181 2130 pr.—Pleg·i0uibusL.
1216 2063 1727 2129 pr.-·-11An·miaw12.
1757 2074 1840 2130 pr.
1874 2063 2116 2115 et2alii.
2148 2064 2217 2115 V.
2252 2064 2320 2115 ad
2350 2076 2455 2117 vn.

158 2158 173 2175 .
243 2130 402 2179 82—1'
417 2131 575 2196 vulg'o
620 2132 872 2182 emaci.
873 2139 958 2168 -—
980 2133 1113 2183 Mss.
1149 2147 1200 2182 o.
1243 2137 1299 2180 et
1337 2129 1471 2182 Edd.
1510 2136 1637 2180 ante
1679 2130 1925 2180 Beroald.
1965 2132 2068 2180 red.
2106 2131 2252 2182 Fors.
2283 2135 2339 2180 et
2368 2131 2455 2181 hic

243 2193 386 2245 scrib.
410 2198 517 2245 ded.
547 2196 728 2247 sedV.
752 2213 801 2248 c.
827 2201 906 2248 13.
932 2203 988 2248 et
1008 2211 1167 2262 saepe.
1189 2211 1344 2272 acpr-
1360 2196 1420 2244 L.
1445 2209 1529 2258 pr.
1530 2202 1634 2232 -··
1650 2194 1706 2244 in
1724 2195 1787 2246 it.
1811 2195 1998 2246 desunt
2019 2196 2129 2246 Lov
2133 2196 2345 2246 U—tred
2368 2197 2454 2247 Sc.

241 2257 300 2308 V.
320 2259 606 2311 Auximum
638 2266 695 2313 et
728 2261 953 2313 Auximii
988 2263 1048 2314 L.
1082 2274 1166 2328 pr.
1167 2269 1258 2300 -—¹¹
1277 2260 1364 2311 Sic
1386 2261 1504 2312 Urs.
1527 2260 1621 2310 Br.
1648 2262 1712 2312 B.
1734 2260 1794 2311 L.
1820 2275 1926 2311 sec.
1951 2260 2038 2310 alii
2058 2260 2251 2325 Accius,
2284 2259 2458 2312 Actis·
2499 2324 2515 2349 ο

1233 2371 1448 2424 NOTAE

238 2490 370 2536 tunae
391 2486 640 2540 dicuntur
660 2489 828 2540 adhuc
847 2493 1051 2541 restare
1081 2487 1303 2553 vestigia

235 2563 392 2615 prope
419 2554 726 2605 Metaurum
759 2551 971 2621 flumen,
1008 2555 1158 2604 hodie
1191 2556 1301 2604 Me-

235 2630 321 2676 tro.
385 2630 482 2682 Est
522 2631 856 2696 episcopatus
897 2632 1051 2683 titulo
1086 2631 1300 2696 insignis

235 2716 391 2772 prope
428 2706 712 2757 Pisaurum
767 2709 835 2758 ad
889 2723 1031 2759 mare
1069 2705 1299 2759 Adriati-

235 2792 362 2843 cum,
385 2781 540 2833 Fano.

292 2863 351 2910 85
375 2861 642 2926 Ascuam]
677 2862 898 2914 Ancona
929 2863 1056 2914 urbs
1090 2863 1298 2926 Piceni,

233 2935 367 2998 prius
404 2939 606 2990 Picena
649 2935 809 3004 dicta,
851 2948 910 2991 ut
949 2939 1108 2991 habet
1147 2941 1297 3003 Cato,

234 3010 407 3064 Ancon
429 3016 736 3067 Ptolemaeo.
782 3018 957 3071 'Quod
994 3031 1180 3068 nomen
1211 3018 1298 3068 lia-

233 3086 319 3140 bet
361 3106 392 3140 a
432 3094 601 3143 cubiti
641 3092 826 3157 forma,
880 3109 1032 3160 quam
1076 3093 1149 3144 ibi
1190 3108 1296 3144 orae

232 3161 387 3218 flexus
417 3169 616 3233 efficit3
649 3186 767 3221 nam
805 3171 966 3235 ἅγκων
997 3172 1184 3223 Groece
1216 3187 1297 3221 cu-

231 3239 352 3294 bitus
385 3254 482 3297 est.
558 3247 801 3315 Antiquis
844 3250 951 3301 illic
989 3247 1093 3299 fuit
1130 3249 1297 3299 Gallis

232 3327 285 3370 et
305 3321 450 3374 Italis
471 3325 639 3389 limes,
660 3333 798 3378 teste
820 3326 1108 3392 Pomponio
1131 3327 1294 3391 Mela,

234 3396 366 3449 Galli
403 3403 635 3453 Senones
675 3405 874 3470 reliqua
911 3404 1074 3468 Alpes
1116 3417 1294 3452 versus
1314 3417 1333 3444 x

233 3477 488 3530 tenebant.
577 3480 729 3531 Hanc
766 3481 969 3532 Plinius
1008 3479 1296 3544 Straboque

230 3548 403 3604 dicunt
442 3570 554 3606 esse
594 3570 627 3606 a
662 3558 998 3621 Syracusanis
1032 3555 1295 3606 conditam

229 3626 466 3696 Dionysii
491 3635 817 3698 tyrannidem
840 3633 1178 3700 fugientibus,
1208 3634 1294 3684 cui

228 3709 431 3762 videtur
451 3716 722 3781 astipulari
741 3716 1030 3777 Juvenum,
1063 3717 1150 3781 qui
1190 3716 1298 3765 Do·

231 3784 387 3838 ricam
431 3791 680 3842 nominat.
750 3795 797 3843 N
804 3808 905 3844 unc
951 3799 1035 3843 est
1085 3793 1297 3843 ditionis

230 3863 542 3932 Pontificiae,
598 3886 664 3920 ex
731 3887 856 3937 quo,
912 3886 1045 3921 anno
1100 3871 1294 3922 Christi

229 3951 540 3997 croroxxxu
574 3948 810 3999 Clemens
830 3962 932 3998 vn.
998 3949 1149 4012 Papa
1180 3946 1293 4011 ejus

230 4033 397 4072 arcem
419 4039 516 4089 per
535 4026 856 4076 Ludovicum
880 4027 1194 4090 Gonzagam,
1213 4041 1293 4074 su-

229 4108 366 4147 arum
384 4101 650 4165 copiarum
670 4101 1293 4168 praefectum,occupavit.

284 4165 355 4227 '86
388 4176 611 4239 Iguvium
635 4180 907 4244 fimum]
941 4180 1178 4244 Iguvium
1211 4193 1297 4228 va·

232 4249 307 4300 rie
348 4253 610 4305 scribitur.
677 4255 761 4306 Ad
789 4255 1054 4321 Apennini
1089 4254 1294 4304 radices

166 4411 173 4420 .
234 4327 453 4422 positum
485 4337 566 4385 est
587 4332 865 4399 oppidum.
929 4332 1143 4383 Interea
1162 4330 1295 4383 Libo

1383 2487 1733 2552 Pompeianus
1783 2486 1874 2553 'qui
1906 2484 2170 2537 Etruriam
2215 2483 2454 2548 tenebat,

1382 2578 1498 2614 eam
1519 2563 1752 2631 reliquit.
1818 2562 1925 2613 Sed
1946 2562 2068 2627 quia
2089 2576 2173 2612 res
2207 2561 2318 2610 sine
2340 2574 2455 2610 san-

1379 2640 1536 2705 guine
1559 2646 1709 2704 gesta
1731 2637 1852 2703 fuit,
1889 2652 2004 2688 eam
2034 2638 2226 2689 reticet
2252 2636 2453 2701 Caesar,

1378 2721 1747 2767 commemorat
1783 2711 2023 2766 Lucanus
2062 2717 2098 2765 l.
2142 2728 2207 2765 ιι.
2260 2714 2277 2742 ‘
2302 2714 2447 2765 Gens

1377 2797 1601 2847 Etrusca
1638 2793 1764 2861 fuga
1818 2793 2012 2859 trepidi
2068 2793 2264 2844 nudata
2293 2792 2451 2844 Libo·

1375 2872 1475 2936 nis,
1511 2872 1714 2937 Jusque
1744 2871 1823 2920 sui
1856 2871 2005 2936 pulso
2029 2870 2140 2934 jam
2160 2885 2263 2920 non
2285 2863 2449 2920 habet

1376 2949 1593 2999 Umbria
1612 2943 1870 2999 Thermo?

1441 3031 1506 3077 87
1539 3028 1887 3090 Auximumque
1916 3023 2258 3092 proficiscitur]
2290 3023 2452 3074 Auxi-

1376 3116 1515 3152 mum
1540 3102 1750 3168 antiqua
1768 3102 1891 3152 urbs
1909 3103 2076 3152 monti
2097 3100 2337 3166 imposita
2359 3099 2451 3151 de·

1376 3192 1491 3229 cem
1514 3178 1734 3229 millibus
1763 3179 1829 3229 ab
1862 3178 2011 3228 Ionio
2032 3176 2182 3243 mari,
2217 3176 2449 3242 proxime

1375 3253 1665 3317 Anconam,
1685 3254 1840 3304 hodie
1867 3255 2027 3304 Osmo.

1384 3375 1389 3380 .
1439 3334 1505 3379 88
1538 3329 1737 3395 Piceno]
1769 3330 2020 3380 Picenum
2046 3343 2078 3378 a
2094 3326 2447 3397 Longobardis

1375 3407 1593 3470 dictum,
1637 3409 1821 3458 Marca
1863 3406 2210 3469 Anconitana,
2260 3407 2448 3470 quinta

1374 3484 1547 3535 Italiae
1586 3485 1729 3549 regio
1768 3483 2010 3544 ΡΙίιιὶο,ι
2034 3481 2251 3532 Marche
2283 3479 2447 3531 d'-An

1375 3562 1543 3614 cone.'
1610 3561 1792 3613 Habet
1828 3562 1894 3612 ab
1926 3562 2127 3613 oriente
2152 3562 2446 3612 Truentum

1373 3637 1587 3704 flumen,
1623 3654 1655 3688 a
1697 3639 1913 3688 meridie
1953 3644 2177 3688 montem
2216 3636 2449 3701 Apenni-

1374 3730 1516 3779 num,
1556 3716 1621 3764 ad
1651 3730 1894 3765 occasum
1915 3714 2237 3773 Flaminiam,
2278 3729 2312 3762 a
2332 3727 2445 3777 sep-

1376 3792 1639 3843 tentrione
1661 3806 1804 3841 mare
1827 3790 2172 3841 Adriaticum.

1439 3872 1504 3917 89
1536 3868 1852 3931 Decuriones]
1886 3867 2216 3919 Coloniarum
2250 3871 2306 3916 et
2333 3880 2445 3915 mu·

1372 3946 1680 4010 nicipiorum
1703 3953 1967 3995 senatores
1990 3951 2140 3994 orauit
2156 3943 2274 3992 ideo
2294 3941 2446 4007 dicti,

1374 4024 1492 4087 quia
1546 4036 1662 4072 cum
1707 4023 1762 4071 in
1805 4022 2057 4071 coloniam
2100 4018 2445 4069 mittebantur

1371 4098 1512 4148 cives
1568 4098 1806 4162 Romani,
1860 4111 2039 4146 eorum
2080 4096 2281 4146 decima
2320 4110 2443 4160 pars

1370 4175 1755 4225 honoratior-um
1797 4173 2108 4239 eligebatur,
2150 4189 2217 4223 ex
2258 4171 2443 4239 quibus

1372 4252 1524 4304 fieret
1565 4253 1806 4303 Senatus.
1870 4252 2071 4304 Auctor
2119 4250 2443 4319 Pomponius

1374 4329 1798 4384 Jurisconsultus.
