3017 4950
1090 394 1154 444 0.
1197 393 1261 443 J,
1304 392 1641 444 CAESARIS
1685 384 2074 443 ΟΟΜΜΙΙΝΤ.

459 538 676 613 litu-is·
718 541 1029 619 confisos,
1078 542 1322 607 miuus‘
1358 542 1697 609 memoriae
1734 542 2031 608 studere:
2105 531 2479 626 quod-'fere
2535 538 2680 626 ple-

459 647 683 729 risque
740 646 1013 724 accidit,
1035 651 1113 711 ut
1138 645 1455 730 praesidio
1512 647 1851 713 literarum
1895 645 2301 728 diligentiam
2329 645 2402 709 in
2428 645 2682 728 perdis—

461 749 678 813 cendo
707 766 787 813 ac
812 751 1194 814 memoriam
1221 750 1570 815 remittant.

1657 751 1741 816 Iu
1790 749 2024 834 primis
2080 748 2210 813 hoc
2239 748 2477 813 volunt
2532 766 2684 831 per-

453 854 764 931 suadere,
817 872 949 919 non
1005 855 1286 919 interire·
1342 854 1623 935 animaS,
1706 853 1826 918 sed
1876 855 1963 957 ab
2012 853 2164 917 aliis
2205 856 2364 936 post
2402 858 2688 923 mortem,

459 959 743 1022 transire
771 956 859 1022 ad
903 958 1071 1022 alios
1083 964 1160 1022 :4⁷
1205 961 1405 1040 atque
1449 958 1576 1021 boc
1618 957 1939 1021 maxime⁰
1997 954 2088 1020 ad
2148 954 2456 1018 virtutem
2498 955 2687 1018 exci-

463 1060 589 1123 tari
646 1063 904 1144 putant,
947 1064 1129 1123 metu
1169 1061 1404 1123 mortis
1441 1058 1825 1142 neglecto.4⁸

465 1221 474 1231 ·
529 1205 558 1240 ὅ
580 1209 692 1257 Non
713 1207 786 1257 ita
806 1222 1024 1258 exercere
1043 1209 1328 1259 memoriam.

1946 1057 2196 1122 Multa?
2235 1062 2562 1141 praeterea
2602 1056 2688 1121 de

1395 1353 1541 1373 ”OOC
1545 1354 1603 1373 θ’
1579 1354 1752 1374 OOO‘OO

461 1454 532 1507 1..
554 1469 636 1519 p.r
656 1456 723 1506 V.
746 1462 871 1507 tert.
895 1471 996 1507 non
1029 1458 1233 1509 disant.
1265 1455 1906 1521 pauloantevoloentEdd.
1927 1456 1995 1506 R.
2016 1455 2095 1504 Μ.
2118 1454 2345 1504 V.—³²et
2362 1449 2694 1517 q.node-·

470 1470 665 1571 ‘’deest
695 1522 759 1572 L.
777 1537 860 1586 pr.
885 1522 1083 1573 Ora—¹²
1106 1524 1260 1573 Multi
1294 1525 1546 1588 Lpr.—-‘¹
1569 1522 1772 1573 „notibus
1801 1523 1966 1572 DorV.
2003 1519 2138 1571 Edd.
2160 1520 2223 1571 R.
2247 1519 2327 1570 M.
2343 1519 2410 1569 V.
2412 1513 2691 1569 -reiass

1472 1635 1688 1689 NOTAE

466 1737 555 1782 tae.
622 1730 757 1784 Haee
777 1733 915 1784 euim
937 1734 1255 1801 Pythagorae
1277 1729 1536 1803 'quondam

466 1807 570 1858 fuit
591 1810 786 1874 opinio,
821 1812 933 1862 ha’e
973 1813 1129 1863 etiam
1167 1814 1416 1877 Socratis,
1446 1815 1536 1880 qui

467 1900 535 1939 ne
570 1887 776 1938 literam
817 1889 1026 1954 quidem
1073 1891 1225 1941 ullam
1284 1893 1536 1955 scriptam

465 1963 804 2028 reliquerunt.
887 1965 1062 2030 Hujus
1101 1968 1411 2023 senteutiam
1449 1970 1537 2017 ha·

463 2039 648 2090 bemus
686 2041 741 2091 in
778 2042 1003 2093 Phaedro
1042 2043 1301 2104 Platonis,
1322 2060 1435 2110 quae
1462 2053 1537 2097 ta·

467 2131 589 2168 meu
611 2124 694 2169 est
706 2119 952 2183 opinione
971 2128 1257 2172 nostrorum
1276 2121 1535 2172 Druidum

459 2188 624 2260 'paulo
647 2194 818 2245 mitior
845 2203 1002 2263 atque
1024 2197 1320 2249 humanior.
1374 2199 1539 2251 Ante·

467 2272 617 2336 pouit
660 2273 812 2331 enim,
841 2274 1084 2326 Socrates
1119 2276 1251 2326 vivae
1290 2277 1433 2327 vocis
1473 2293 1537 2328 ae

465 2349 728 2400 memoriae
764 2350 1035 2402 scientiam
1064 2359 1282 2404 mortuae
1316 2354 1540 2419 scriptu-

468 2442 566 2492 rae,
584 2427 676 2480 sed
701 2427 956 2495 scriptum
979 2435 1155 2482 tamen
1179 2430 1426 2482 adversus
1448 2430 1540 2481 ob-

463 2504 671 2557 livionis
712 2507 1068 2558 infirmitatem
1111 2508 1387 2573 permittit.
1453 2509 1540 2558 De

468 2596 569 2648 quo
611 2584 686 2634 sie
728 2585 1078 2637 Quintilianus
1113 2585 1150 2637 l.
1191 2600 1271 2636 ιιι.
1325 2587 1341 2614 ‘
1366 2582 1543 2640 Quan-

470 2673 625 2722 quam
645 2660 854 2710 invenio
875 2660 1011 2725 apud
1031 2661 1307 2713 Platonem
1330 2657 1540 2712 obstare

469 2736 733 2787 memoriae
770 2752 919 2787 usum
973 2736 1262 2801 literarum,
1291 2738 1539 2790 videlieet

470 2811 610 2876 quod
648 2813 755 2877 illa,
794 2830 910 2880 quae
947 2815 1157 2879 seriptis
1202 2816 1541 2881 reposuimus,

469 2892 617 2941 velut
639 2892 902 2944 custodire
938 2894 1231 2958 desinimus,
1250 2902 1307 2946 et
1327 2896 1441 2961 ipsa
1460 2913 1542 2948 se-

470 2967 697 3018 curitate
740 2968 1065 3022 dimittimus.
1152 2973 1267 3024 Nec
1322 2973 1537 3024 dubium

471 3048 575 3106 est,
599 3044 723 3109 quin
747 3046 1022 3109 plurimum
1061 3048 1114 3097 in
1147 3049 1244 3099 bac
1277 3058 1427 3113 parte
1448 3066 1538 3100 va-

463 3120 580 3171 leat
617 3119 806 3173 mentis
845 3124 1087 3188 intentio,
1124 3133 1180 3177 et
1214 3128 1360 3178 velut
1398 3129 1538 3179 acies

470 3197 718 3249 luminum
741 3216 771 3249 a
794 3210 1079 3266 prospectu
1101 3218 1289 3267 rerum,
1314 3220 1438 3269 quas
1461 3206 1539 3255 in·

472 3280 671 3338 tuetur,
710 3292 814 3328 non
855 3278 1070 3330 aversa!
1135 3280 1222 3330 Sic
1265 3280 1540 3346 Lyeurgus

474 3352 699 3403 Rhetras
721 3369 840 3419 suas
864 3355 1073 3420 scriptis
1102 3356 1333 3407 mandari
1351 3359 1540 3423 vetuit,

464 3428 714 3493 juvenum
731 3430 910 3482 animis
924 3433 1223 3484 inserendas
1242 3434 1540 3486 arbitratus.

544 3515 609 3561 47
644 3512 757 3561 Non
792 3514 991 3563 interire
1011 3514 1215 3579 animas,
1248 3517 1331 3565 sed
1350 3514 1543 3568 abuliis

467 3583 579 3654 'post
618 3593 815 3638 mortem
844 3591 1048 3640 transire
1079 3594 1142 3641 ad
1173 3592 1316 3656 alios]
1355 3593 1542 3643 Strabo

471 3664 509 3713 1.
543 3678 623 3713 lv.
677 3662 964 3729 Ἀφθόρτονς
984 3665 1071 3728 τὰς
1108 3664 1266 3730 ψῦχας
1305 3665 1540 3730 λέγουσα

475 3739 863 3805 Immptibiles
913 3742 1095 3793 animas
1127 3744 1307 3794 dicunt.
1391 3744 1540 3794 Idem

451 3816 594 3870 ‚Vah
633 3818 779 3868 Max.
803 3833 858 3869 V.
909 3819 1057 3869 Idem
1098 3820 1362 3871 Diodorus
1392 3823 1426 3872 1.
1459 3836 1539 3871 vr.

475 3892 721 3946 Lucanus
736 3912 888 3947 vero:
912 3898 928 3925 ‘
944 3896 1090 3947 vobis
1110 3897 1411 3948 auctoribus
1432 3913 1543 3947 um-

478 3969 590 4019 brae
605 3972 731 4021 Non
751 3973 936 4024 tacitas
958 3974 1117 4025 Erebi
1138 3973 1545 4041 sedes,ditisque

480 4044 724 4108 profundi
745 4049 950 4100 Pallida
971 4065 1132 4116 regua
1152 4059 1372 4116 petunt3
1406 4053 1547 4115 regit

478 4119 619 4171 idem
642 4125 853 4188 spiritus
889 4133 1034 4177 artus
1057 4127 1205 4179 Orbe
1232 4127 1334 4178 alio
1353 4129 1546 4193 longae,

479 4197 670 4249 canitis
724 4201 767 4251 si
821 4204 1050 4268 cognita,
1091 4205 1252 4256 vitae?
1315 4205 1421 4255 Sed
1476 4221 1544 4283 an

472 4271 704 4350 Druidae
725 4277 912 4344 dogma
943 4296 974 4330 a
1004 4281 1307 4347 Pythagora
1325 4297 1545 4358 accepe-

1615 1737 1737 1798 rint,
1775 1749 1839 1784 au
1879 1749 1911 1785 a
1938 1731 2227 1784 Druidibus
2254 1730 2603 1795 Pythagoras,
2637 1727 2695 1778 in

1616 1812 1777 1865 dubio
1820 1812 1947 1863 mibi
1986 1817 2084 1862 est.
2173 1810 2318 1874 Lego
2366 1808 2506 1857 enim
2548 1805 2696 1872 apud

1616 1891 1912 1956 Diogenem
1977 1887 2261 1949 Laertium,
2328 1885 2695 1950 Pythagoram

1615 1980 1839 2032 peregre
1862 1965 2153 2032 profectum
2169 1963 2406 2014 omnibus
2427 1960 2699 2025 mysteriis

1617 2044 1819 2095 Graecis
1842 2052 1898 2094 et
1916 2042 2213 2093 Barbarieis
2229 2040 2389 2090 fuisse
2404 2037 2696 2088 initiatum.

1617 2120 1689 2170 Et
1717 2118 2025 2173 Alexander
2048 2119 2256 2185 qnidam
2291 2115 2432 2180 apud
2457 2112 2702 2164 Clemen-

1617 2204 1722 2246 tem
1761 2196 2190 2256 Alexaudrinum,
2229 2192 2485 2258 prodidit,
2526 2207 2558 2241 a
2591 2191 2700 2255 Py·

1618 2273 1832 2338 thagora
1854 2271 2015 2322 fuisse
2049 2270 2281 2322 Druidas
2304 2268 2508 2319 auditos
2534 2273 2700 2332 atque

1620 2349 1989 2399 Brachmanas.
2057 2348 2264 2412 Dogma
2286 2344 2415 2395 iliud
2459 2352 2543 2395 est
2567 2350 2701 2393 Μετ-

1621 2426 1905 2493 εμψύχωσις,
1941 2426 2126 2478 animae
2158 2425 2399 2491 migratio
2435 2424 2486 2474 in
2508 2437 2700 2489 corpo-

1621 2521 1679 2556 ra
1700 2505 1934 2573 ejusdem
1957 2504 2169 2571 speciei,
2188 2519 2289 2554 nou
2312 2500 2702 2564 Μετενσωμάτω-

1620 2601 1710 2646 σις,
1732 2583 1789 2632 iu
1809 2597 2025 2647 corpora
2046 2580 2265 2631 diversae
2288 2580 2504 2645 speciei,
2526 2578 2570 2629 si
2593 2579 2700 2629 rite

1621 2659 1861 2713 distinxit
1882 2662 2037 2712 Plato
2058 2662 2094 2711 l.
2119 2674 2174 2710 x.
2199 2660 2267 2710 de
2296 2660 2519 2724 legibus.
2580 2661 2702 2710 Nec

1619 2740 1826 2804 mirum,
1843 2740 1884 2790 si
1902 2741 1986 2791 vel
2001 2740 2102 2804 ipsi
2116 2739 2151 2791 J
2155 2738 2307 2802 udaei,
2319 2739 2408 2803 qni
2429 2752 2699 2788 sacrarum

1619 2818 1885 2868 literarum
1903 2816 2023 2868 face
2057 2817 2349 2867 collustrati
2370 2814 2701 2876 erant,idem

1619 2901 1915 2958 senserunt,
1949 2909 2067 2945 oum
2104 2893 2362 2945 Joannem
2393 2892 2701 2955 Baptistam

1617 2971 1670 3021 iu
1681 2971 1888 3021 Christo
1906 2970 2249 3022 resurrexisse
2263 2968 2525 3035 putabant
2538 2985 2553 3029 ;
2572 2983 2698 3019 nec·

1617 3063 1719 3100 nou
1756 3049 1915 3115 aliqui
1949 3047 2373 3111 Christianorum,
2408 3052 2471 3096 ut
2494 3046 2696 3110 Carpo-

1616 3132 1807 3191 crates,
1827 3126 2019 3192 aliique
2038 3125 2285 3175 nonnulli.

1683 3207 1749 3253 48
1771 3202 1930 3267 Atque
1950 3204 2036 3252 hoc
2056 3202 2261 3253 maxione
2281 3202 2345 3252 ad
2360 3201 2591 3251 virtutem
2614 3217 2699 3251 ex·

1619 3279 1763 3330 citari
1769 3284 1963 3345 putant,
1974 3286 2101 3330 metu
2114 3280 2281 3330 mor-tis
2289 3278 2526 3342 neglecto]
2542 3278 2698 3332 Idem

1619 3355 1780 3407 habet
1802 3356 2118 3421 Pomponius
2140 3356 2285 3406 Mela
2304 3369 2390 3405 ιιι.
2408 3361 2458 3406 l.
2491 3356 2696 3406 ‘Unum

1622 3447 1688 3482 ex
1710 3433 1790 3497 iis,
1811 3449 1928 3499 quae
1953 3433 2289 3499 praecipiunt,
2323 3434 2376 3483 in
2414 3434 2602 3497 vulgus
2622 3432 2698 3483 ef-

1622 3507 1757 3573 fluit,
1788 3510 2035 3561 videlicet
2057 3517 2116 3561 ut
2136 3510 2310 3562 forent
2329 3509 2395 3560 ad
2414 3509 2557 3560 bella
2587 3525 2695 3560 me·

1620 3589 1794 3653 liores,
1816 3596 2038 3640 aeteruas
2061 3604 2176 3639 esse
2197 3590 2409 3653 animas,
2424 3589 2695 3654 vitamque

1623 3665 1842 3716 alteram
1864 3666 1931 3715 ad
1952 3681 2146 3716 manes.
2211 3666 2403 3732 Itaque
2419 3680 2541 3716 eum
2562 3680 2697 3715 mor·

1624 3748 1739 3792 tuos
1777 3749 2013 3793 cremant
2048 3758 2112 3793 ae
2149 3741 2441 3806 defodiunt,
2471 3749 2600 3808 apta
2620 3740 2697 3791 vi·

1622 3818 2009 3883 ventibus,olim
2027 3819 2351 3884 negotiorum
2364 3817 2520 3890 ratio,
2534 3817 2693 3868 etiam

1622 3901 1680 3944 et
1717 3896 1924 3946 exactio
1946 3895 2132 3947 crediti
2150 3895 2487 3946 deferebatur
2518 3894 2587 3944 ad
2608 3894 2696 3945 In-

1624 3970 1781 4022 feros.
1786 3972 1800 3994 ’
1842 3973 2024 4044 Unde
2042 3974 2130 4023 ille
2147 3972 2364 4023 festivus
2383 3986 2494 4022 mos
2517 3972 2694 4024 Gallo·

1626 4064 1737 4099 rum
1757 4050 2005 4114 pecunias
2027 4056 2205 4100 mutuo
2238 4048 2554 4115 accipiendi,
2575 4063 2690 4114 quo

1617 4125 1767 4190 apud
1785 4123 1990 4177 Inferos
2007 4126 2311 4193 reddantur,
2322 4126 2388 4176 de
2407 4127 2689 4226 qroaler.

1623 4201 1768 4255 Max.
1791 4217 1854 4255 11.
1880 4209 1924 4256 1.
