3017 4950
509 376 552 440 2
1429 393 1820 443 semrom.

510 550 910 624 cooevosque
936 535 1086 629 ejus
1117 541 1236 603 aut
1262 537 1466 623 paulo
1476 540 1864 625 superiores
1904 539 2158 624 Syllam
2199 545 2267 606 ct
2306 539 2598 607 Marium
2627 544 2737 612 vel

508 642 735 725 ipsum
761 640 959 707 etiam
987 638 1388 723 Pompeium
1416 640 1740 719 conferas,
1769 660 1963 707 nemo
1992 661 2216 709 eorum
2242 644 2313 708 in
2339 642 2512 710 locis
2538 662 2737 729 aspe-

507 741 793 806 rioribus
838 741 1083 805 bellum
1138 741 1368 822 gessit,
1419 760 1615 806 nemo
1671 744 2054 826 provincias
2104 744 2384 830 imperio
2432 744 2741 831 adjunxit

510 845 892 929 ampliores,
947 859 1141 906 nemo
1189 840 1413 926 plures
1468 849 1539 909 et
1585 843 2069 924 bellicosiores,
2111 863 2312 911 nemo
2368 845 2624 913 feritate
2670 853 2741 912 et

507 947 919 1012 immanitate
946 944 1164 1027 magis
1206 942 1527 1011 barbaras
1573 954 1793 1030 gentes
1836 946 2114 1026 domuit,
2156 967 2352 1015 nemo
2391 950 2739 1017 clementia

508 1055 578 1114 et
604 1050 1113 1115 mansuetudine
1150 1052 1221 1116 in
1249 1050 1550 1117 devictos
1580 1051 1941 1134 insigniore
1966 1070 2131 1116 usus
2160 1057 2287 1129 est,
2319 1071 2547 1117 omnes
2576 1071 2737 1118 vero

508 1152 890 1235 praeliorum
920 1158 986 1217 et
1024 1152 1312 1218 hostium
1336 1151 1822 1235 interfectorum
1856 1170 2132 1218 numero
2160 1154 2523 1237 superavit.
2612 1152 2739 1219 Est

509 1253 712 1334 igitur
738 1253 919 1338 quod
946 1255 1107 1318 mihi
1153 1254 1462 1337 gratuler,
1508 1253 1690 1337 quod
1727 1274 1815 1319 ex
1840 1259 2061 1320 cetero
2089 1260 2431 1320 auctorum
2466 1275 2739 1322 numero

509 1357 628 1441 qui
670 1354 1203 1421 doctissimorum
1244 1356 1584 1421 bominum
1626 1375 1809 1436 cura,
1839 1356 2200 1441 diligentia,
2248 1358 2479 1423 labore
2522 1364 2591 1425 et
2635 1359 2735 1423 in-

509 1459 766 1525 dustria
807 1460 930 1525 tibi
973 1460 1431 1544 explanantur,
1473 1459 1648 1526 hunc
1691 1461 2109 1545 potissimum
2153 1459 2510 1543 delegerim
2539 1480 2735 1545 quem

509 1559 634 1624 tibi
662 1550 1074 1639 adornarem,
1104 1562 1219 1645 qui
1262 1561 1400 1626 tuis
1443 1561 1815 1627 rationibus
1844 1568 2020 1628 esset
2047 1564 2339 1628 omnium
2367 1581 2738 1628 accommo-

507 1661 894 1728 datissimus
921 1666 987 1726 et
1010 1663 1302 1727 omnium
1329 1664 1421 1727 rei
1448 1663 1755 1728 militaris
1784 1663 2129 1729 doctorum
2165 1666 2524 1730 maximus,
2612 1664 2740 1730 Est

507 1769 577 1829 et
604 1764 740 1830 alia
765 1764 980 1848 gloria
1005 1783 1206 1848 quam
1236 1762 1471 1832 Caesar
1497 1782 1625 1830 nec
1653 1766 1722 1830 in
1741 1764 2285 1851 expeditionibus
2306 1765 2567 1832 bellicis
2596 1785 2640 1830 a
2664 1785 2737 1830 se

509 1867 799 1931 alienam
827 1865 1039 1944 duxit,
1071 1887 1225 1950 quae
1255 1868 1512 1934 scilicet
1541 1889 1586 1934 a
1611 1868 1819 1933 literis
1848 1870 2093 1954 petitur
2119 1874 2185 1932 et
2213 1870 2321 1933 cui
2348 1869 2481 1931 ista
2501 1873 2668 1933 aetas
2696 1887 2739 1932 a

508 1973 630 2055 tuo
656 1987 898 2050 magno
927 1976 1205 2052 parente
1234 1968 1609 2053 deputatur.
1692 1971 1989 2056 ⁴Scripsit
2016 1971 2193 2034 enim
2217 1969 2312 2035 ad
2345 1968 2739 2036 Ciceronem

509 2070 593 2135 d'e
618 2071 1082 2137 Grammatica
1126 2064 1333 2138 libros
1360 2073 1429 2135 in
1457 2074 1732 2138 transitu
1765 2070 2039 2158 Alpium
2069 2071 2226 2137 dum
2257 2071 2343 2136 ad
2372 2073 2737 2138 exercitum

508 2174 575 2239 in
610 2173 924 2239 Galliam
971 2179 1381 2259 properaret,
1432 2195 1715 2260 quorum
1760 2181 1827 2241 et
1869 2177 1938 2240 in
1991 2175 2121 2240 hac
2164 2175 2448 2240 editione
2505 2179 2740 2240 extant

509 2276 767 2361 aliquot
792 2275 1176 2361 fragmenta.
1263 2274 1541 2342 Utinam
1575 2277 1783 2343 libros
1826 2279 2019 2363 ipsos
2059 2278 2452 2343 haberemus
2483 2278 2740 2344 auctori

508 2380 919 2463 superstites,
1008 2378 1316 2444 Haberes
1358 2378 1526 2443 forte
1560 2379 1629 2443 in
1669 2399 1825 2460 uno,
1871 2381 1992 2469 qui,
2031 2381 2102 2445 in
2145 2380 2447 2466 pluribus
2466 2379 2612 2465 jam
2639 2398 2739 2444 re-

506 2482 805 2568 quiritur,
857 2482 1119 2548 dicendi
1173 2479 1595 2566 faciendique
1654 2484 2062 2567 magistrum.
2154 2481 2290 2548 Sed
2346 2482 2561 2547 fallor.
2603 2563 2610 2568 ἱ
2652 2479 2739 2545 In

505 2585 611 2649 his
651 2586 829 2650 enim
869 2584 1398 2664 Commentariis,
1428 2585 1672 2668 quibus
1711 2586 1875 2650 nihil
1912 2585 2055 2651 fieri
2100 2589 2321 2669 potest
2348 2584 2737 2665 elegantius,

508 2681 635 2751 no‘n
673 2692 931 2772 tantum
975 2685 1268 2752 faciendi
1302 2686 1422 2753 sed
1451 2693 1523 2751 et
1547 2686 1810 2753 dicendi
1843 2707 1934 2752 ex
1977 2706 2176 2771 aequo
2203 2692 2552 2770 praecepta
2575 2684 2745 2749 han-

506 2786 779 2855 riuntur.
869 2788 1030 2857 Hac
1063 2790 1267 2855 altera
1296 2788 1590 2856 Caesaris
1615 2790 1837 2869 laude,
1867 2800 2021 2874 quae
2052 2793 2193 2854 tota
2222 2806 2265 2851 a
2296 2785 2518 2851 Musis
2557 2807 2741 2872 quae-

507 2889 694 2970 ritur,
722 2893 883 2960 lieet
903 2893 1165 2957 interim
1190 2894 1613 2971 inclarescas,
1644 2891 1804 2958 dum
1819 2949 1832 2962 ,
1847 2893 1918 2956 in
1951 2891 2137 2956 illam
2170 2890 2486 2976 majorem
2515 2888 2741 2955 adole-

508 2989 669 3060 scis.
764 2992 873 3059 Ad
897 2996 1069 3061 hanc
1098 3015 1221 3079 per
1252 2995 1624 3062 studiorum
1650 2996 1831 3061 viam
1860 2993 2128 3072 enitere,
2155 2993 2330 3058 hanc
2358 2994 2578 3077 prima
2603 2993 2741 3057 ista

509 3101 685 3162 aetas>
734 3099 1186 3183 concupiscat.
1278 3097 1417 3163 Sed
1470 3099 1633 3181 quia
1690 3096 2042 3161 Musarum
2077 3095 2474 3179 ‘disciplinae
2530 3094 2737 3161 variae

506 3204 664 3263 ‘sunt
692 3205 762 3265 et
786 3199 1211 3285 multiplices,
1252 3200 1374 3265 has
1417 3199 1544 3265 tibi
1588 3198 1800 3282 delige
1842 3198 2286 3283 potissimum,
2314 3197 2489 3261 unde
2517 3196 2644 3277 fias
2673 3203 2743 3262 et

511 3301 596 3365 ad
647 3304 975 3370 exercitus
1022 3295 1362 3368 ducendos
1410 3307 1476 3367 et
1523 3300 1611 3366 ad
1658 3299 2056 3386 populorum
2104 3300 2399 3386 regimen
2453 3300 2740 3366 instruc-

513 3404 661 3469 tior.

588 3505 593 3510 ’
690 3503 785 3569 Tu
812 3527 1019 3594 regere
1044 3501 1300 3592 imperio
1323 3502 1608 3593 populos,
1639 3503 1996 3588 DelphInc,
2027 3515 2319 3569 memento
2343 3501 2382 3569 .·‘

686 3605 808 3672 11ae
839 3609 959 3672 tibi
983 3620 1173 3692 eruut*
1195 3619 1384 3689 artes,
1403 3606 1672 3694 pacique
1701 3604 2011 3693 imponere
2039 3628 2292 3690 morene,

689 3706 963 3775 Parcere
988 3710 1305 3800 subjectis,
1331 3722 1389 3775 et
1418 3706 1744 3775 debellarl
1754 3706 2064 3798 superbas.
