3017 4950
1158 1136 1710 1216 EPISTOLA

346 1418 365 1425 ’
448 1421 1485 1518 SERENISSIMO
1576 1423 2148 1518 DELPHI
2171 1427 2414 1521 ΝΟ.

1255 1691 1615 1712 OOO‘OOOOOOOO

326 1880 769 1969 Acfflnmm
800 1896 1012 1977 fenmt
1048 1899 1183 1963 ista
1214 1901 1417 1965 aetate
1464 1917 1622 1963 cum
1664 1904 1837 1965 esset
1874 1916 2014 1985 qna
2051 1917 2227 1969 nunc
2256 1919 2354 1981 es,
2412 1921 2550 1969 ma-

320 2011 501 2077 temo
531 2002 689 2067 dolo
722 2006 787 2067 et
825 2006 1167 2086 praecepto
1196 2002 1324 2066 sub
1354 2001 1653 2083 virginea
1678 2005 1863 2071 veste
1892 2000 2074 2086 apud
2103 2000 2548 2088 Lycomedem

323 2090 580 2193 Regem
608 2107 677 2170 in
705 2104 918 2189 Scyro
950 2104 1260 2173 latentem
1289 2104 1420 2171 hac
1443 2110 1582 2171 arte
1611 2107 1699 2171 ab
1729 2103 1976 2191 Ulysse
1999 2103 2215 2171 fuisse
2234 2107 2550 2191 quitum.

321 2210 694 2297 Tympana,
743 2209 944 2271 vittas
1005 2212 1367 2289 gemmatas
1410 2207 1684 2290 aliaque
1725 2205 1799 2271 id
1844 2225 2050 2297 genus
2093 2206 2180 2271 ad
2223 2206 2552 2291 puellares

321 2318 592 2381 umatus
620 2309 1043 2393 pertinentia,
1068 2308 1409 2392 juxtaque
1436 2329 1623 2375 arma
1651 2309 1865 2375 omnis
1893 2308 2150 2391 generis
2196 2306 2336 2373 dux
2370 2310 2555 2377 calli-

26 2446 36 2455 ·
171 2436 185 2443 ‘
320 2415 451 2488 dus
507 2415 846 2498 exposuit.
935 2409 1190 2482 Puellis
1234 2410 1558 2478 mundum
1613 2409 2002 2476 muliebrem
2044 2409 2435 2478 mirantibus
2488 2422 2556 2478 et

323 2519 459 2590 sibi
486 2518 895 2604 aptantibuS,
925 2514 1113 2580 ferox
1144 2513 1682 2580 adolescentulus
1710 2517 1788 2584 ut
1817 2513 2123 2598 clypeum
2149 2512 2390 2599 pugnis
2418 2534 2555 2582 coe·

318 2624 531 2696 latum
560 2627 628 2684 et
664 2619 833 2686 forte
875 2617 1032 2684 belli
1077 2616 1361 2684 maculis
1403 2616 1739 2683 rubentem
1785 2614 2144 2702 hastasque
2173 2619 2555 2704 conspexit,

322 2724 565 2798 bellica
590 2723 1018 2786 instrumenta
1051 2718 1369 2804 neglectis
1413 2719 1725 2804 virgineis
1764 2723 1950 2784 tanto
1992 2739 2146 2788 cum
2185 2718 2450 2790 fremitu
2488 2729 2556 2790 et

328 2829 680 2896 commotae
725 2823 966 2890 mentis
1017 2822 1249 2888 ardore
1294 2823 1590 2906 arripuit,
1636 2827 1711 2888 ut
1748 2819 1896 2905 jam
1938 2821 2170 2907 praelia
2209 2822 2556 2894 meditanti

324 2933 468 2998 toto
496 2930 566 2992 in
593 2931 862 3010 pectore
901 2923 1109 3010 Troja
1136 2945 1282 2992 esse
1309 2924 1664 2991 videretur.
1751 2924 1970 2992 Tanta
1996 2927 2101 2992 vis
2141 2924 2409 2992 Μαι-εἰῶ
2439 2946 2555 2994 na-

324 3036 518 3112 turae,
563 3049 715 3114 quae
761 3029 1121 3111 propositis
1166 3030 1368 3096 armis
1413 3028 1765 3114 derepente
1809 3034 1957 3094 ante
1999 3035 2267 3112 tempus
2304 3027 2396 3093 ad
2437 3048 2555 3098 eos

325 3133 616 3218 impetus
644 3128 1126 3208 inardescebat,
1146 3129 1233 3194 ad
1263 3149 1435 3216 quos
1465 3132 1554 3196 ab
1585 3133 1738 3218 ipsa
1763 3131 1975 3197 fuerat
2002 3132 2253 3215 origine
2282 3151 2554 3217 compa-

325 3237 493 3304 rata.
585 3232 740 3297 Non
799 3232 1058 3309 dubito,
1112 3227 1635 3308 ‘Smnmssmn
1700 3235 2132 3312 Dnnrmmz,
2209 3233 2553 3302 Francicae

329 3336 542 3416 gentis
569 3342 704 3400 tam
723 3342 903 3400 certa
932 3355 1090 3420 spes
1108 3357 1324 3421 „quam
1351 3357 1648 3421 praesens
1676 3344 1780 3403 est
1808 3338 2096 3402 invictus
2125 3355 2363 3420 parens
2383 3357 2559 3422 ptae-

326 3434 589 3516 sidium,
650 3439 809 3521 quin
846 3437 938 3502 ad
984 3437 1114 3503 hoc
1164 3440 1544 3524 exemplum
1595 3441 1787 3508 lectis
1836 3439 2043 3504 oblati
2088 3439 2209 3502 tibi
2260 3436 2554 3508 Coesaris

329 3533 859 3619 Commentariis,
943 3546 1260 3625 tanquam
1318 3562 1648 3612 armorum
1715 3543 2109 3608 illecebroso
2171 3542 2557 3627 spectaculo

330 3641 660 3708 excitatus
697 3644 841 3726 jam
885 3650 1102 3709 mente
1142 3645 1390 3710 bellum
1436 3646 1789 3731 deposcas.
1882 3646 2032 3711 Nec
2078 3648 2251 3710 enim
2299 3649 2557 3712 tantum

264 3763 267 3767 ⁴
326 3740 565 3820 bonuS,
612 3749 726 3806 aut
764 3744 961 3810 bonis
1011 3757 1365 3830 prognatus
1410 3767 1507 3825 es,
1551 3747 1668 3812 sed
1706 3755 1773 3813 et
1810 3750 1871 3813 is
1911 3769 2085 3813 nunc
2130 3748 2252 3812 tibi
2290 3745 2553 3812 bellicae

327 3841 585 3908 virtutis
614 3853 681 3909 et
711 3848 871 3909 artis
916 3846 1238 3931 Magister
1265 3849 1622 3914 discendus
1652 3856 1719 3913 et
1750 3850 2108 3915 imitandus
2141 3850 2552 3932 proponitur,

331 3943 451 4028 qui
504 3950 837 4013 maximus
898 3949 1290 4033 Imperator,
1347 3955 1636 4017 omnium
1675 3956 2071 4020 saeculorum
2118 3937 2376 4036 judicio
2431 3952 2556 4019 suit

331 4046 825 4129 comprobatus,
915 4052 1010 4127 IS,
1044 4061 1209 4117 teste
1241 4054 1622 4132 Plutarcho,
1653 4055 1815 4120 nulli
1847 4073 2253 4119 summorum
2283 4054 2552 4122 Ducum

327 4148 456 4213 fuit
483 4147 767 4214 inferior.
864 4143 1002 4218 Sed
1024 4155 1168 4220 sive
1196 4174 1348 4219 cum
1373 4156 1491 4220 illo
1527 4154 1804 4235 Fabios,
1836 4155 2210 4239 ScipioneS,
2244 4153 2557 4221 Metellos

409 4261 417 4268 ‘
469 4248 635 4315 Delph.
663 4252 853 4303 0.ti
875 4253 1005 4304 clas.
1194 4265 1199 4268 ’
1296 4288 1302 4295 ·
1430 4258 1625 4321 Coeooer
1914 4299 1922 4308 .
2371 4256 2471 4307 A·
