3017 4950
555 394 693 466 892
1164 412 1231 462 c.
1275 413 1337 464 s.
1384 408 1719 464 σαυππε
1764 394 2157 462 contusum.

645 569 773 628 tur.
860 562 971 621 23.
1019 552 1119 619 Eo
1170 554 1406 621 tradito
1466 556 1760 646 Pompeii
1801 557 1984 622 duces
2031 555 2258 623 Casar‘
2285 553 2542 623 dimittit
2564 585 2583 624 .·
2635 555 2731 623 mi·

645 659 785 725 lites
811 669 1189 724 sacramento
1219 658 1465 748 adigit.-
1509 661 1576 724 in
1612 659 1917 747 Apuliam
1949 662 2198 729 tramit.
2270 668 2382 728 24.
2429 661 2734 746 Pompeius

645 761 775 848 ipse
806 758 1435 850 Brundisiumsugit‚
1465 762 1676 849 copias
1718 761 2048 844 contrahit,
2091 784 2315 842 servos,
2363 773 2626 849 pastores
2649 785 2738 826 ar·

645 872 800 928 mat.
891 860 1421 951 Pompeianorum
1468 862 1741 930 cobortes
1782 863 1871 929 ad
1914 861 2215 930 Caesarem
2259 876 2597 944 transeunt,
2644 864 2740 949 qui

644 986 855 1030 rursus
881 965 957 1031 de
973 987 1128 1050 pace
1157 988 1294 1030 cum
1328 965 1628 1053 Pompeio
1657 986 1863 1032 coram
1908 987 2095 1053 agere
2136 966 2333 1052 cupit.
2421 974 2525 1031 25.
2571 963 2737 1030 Hunc

650 1066 864 1134 Caesar
901 1065 1231 1133 Bnendisii
1256 1066 1517 1149 obsidet,
1608 1069 1714 1133 26.
1758 1068 2132 1156 colloquium
2154 1079 2549 1133 recusantem.

560 1171 737 1258 Cap.
781 1172 892 1238 27.
936 1169 1275 1272 Pompeius
1316 1168 1789 1270 Dyrrhachium
1820 1171 2152 1258 transjicit.
2241 1179 2349 1237 28.
2395 1169 2743 1236 Brundisini

644 1294 708 1337 se
741 1260 976 1338 Caesari
1004 1261 1288 1338 reddunt.
1375 1264 1485 1348 29.
1535 1270 1665 1338 Hic
1700 1270 2080 1360 Hispaniam
2118 1273 2484 1357 confirmare
2525 1274 2744 1337 statuit.

650 1383 904 1456 ·30,31.
956 1376 1020 1441 E
1073 1375 1381 1442 Sardinia
1417 1375 1673 1442 Cottam
1749 1374 2059 1456 Valerius,
2105 1400 2142 1442 e
2193 1375 2418 1441 Sicilia
2469 1374 2744 1441 Catonem

655 1476 848 1542 Curio
876 1479 1040 1567 qicit
1066 1505 1087 1541 .·
1140 1477 1449 1545 Tuberoni
1477 1481 1546 1544 in
1579 1477 1814 1566 Africa
1844 1479 2076 1544 resistit
2113 1475 2337 1543 Varus.

567 1577 736 1667 C'ap.
779 1583 888 1648 32.
938 1578 1148 1647 Caesar
1195 1582 1410 1649 Romae
1453 1582 1522 1646 in
1579 1581 1823 1660 Senatu
1871 1581 1952 1646 de
1980 1603 2140 1668 pace
2168 1583 2342 1669 agit:
2409 1579 2641 1667 legatos
2682 1578 2757 1663 ad

651 1681 1025 1771 Pompeium
1078 1686 1251 1750 mitti
1276 1726 1285 1733 ·
1307 1684 1544 1752 suadet.
1653 1693 1760 1752 33.
1806 1683 2208 1772 Legationem
2251 1706 2437 1750 ·nemo
2480 1683 2753 1770 suscipit:

655 1786 868 1854 Ceasar
927 1789 996 1853 in·
1051 1787 1340 1862 Galliam
1410 1788 1767 1855 ulteriorem
1816 1790 1974 1855 abit.
2057 1795 2191 1856 -34.
2238 1786 2521 1853 Domitii
2592 1772 2756 1851 suasu

653 1890 953 1959 Massilia
972 1903 1191 1977 portas
1220 1892 1453 1958 Caesari
1483 1891 1740 1972 claudit,
1768 1891 1920 1980 qui,
1965 1876 2075 1959 35.
2098 1893 2361 1978 frustra
2385 1912 2523 1955 eam
2551 1914 2590 1955 a
2615 1888 2754 1954 bello

654 1993 1037 2061 dehortatur.
1130 1997 1236 2061 36.
1287 1996 1609 2061 Domitius
1639 1995 1997 2062 Massiliam
2018 1995 2333 2084 pervenit.-
2377 1993 2541 2059 ltanc
2569 1991 2758 2058 Caesar

655 2119 1011 2185 oppugnare
1037 2110 1248 2184 parat.
1310 2087 1442 2172 87.
1492 2100 1826 2190 Pyrenaeos
1846 2099 2337 2195 saltusoccupat.
2423 2104 2532 2164 38.
2576 2093 2758 2184 Afia-

657 2201 797 2263 nius
870 2210 928 2264 et
1001 2198 1314 2281 Petreius,
1361 2201 1655 2289 Pompeii
1726 2201 1946 2292 legati,
2013 2202 2411 2292 Hispaniam
2481 2199 2758 2266 obtinent.

656 2309 938 2376 39—42.
989 2302 1144 2370 Cum
1178 2306 1255 2371 iis
1273 2317 1550 2372 certatur
1568 2304 1865 2397 pluribus
1889 2306 2143 2396 praeliis.
2230 2312 2518 2371 43—52.
2567 2300 2759 2366 Potis-

640 2396 887 2481 simum
920 2407 1006 2471 ad
1035 2407 1313 2476 Ilerdam
1343 2409 1569 2476 bellum
1594 2409 1857 2500 geritur.
1949 2418 2056 2478 53.
2104 2402 2538 2498 Res.Asranii
2568 2418 2624 2472 et
2654 2403 2762 2468 Pe-

580 2545 585 2550 ·
654 2510 806 2576 treii
824 2533 1128 2598 prosper-az
1154 2527 1373 2600 gestcc,
1393 2511 1659 2578 Romam
1682 2515 2009 2594 nuntiatae,
2033 2511 2557 2599 Pompeianorum
2572 2519 2762 2597 partes

632 2612 933 2706 firmant.
1021 2623 1131 2696 54,
1179 2627 1284 2683 55.
1335 2616 1550 2682 Caesar
1599 2628 1844 2682 strenue
1886 2615 2139 2682 resistit.
2174 2619 2194 2636 ⁶
2226 2614 2336 2696 56,
2379 2622 2490 2685 57.
2546 2611 2761 2700 Pugna

655 2716 748 2783 ¹ad
790 2716 1169 2806 Massiliam.
1257 2728 1362 2786 58.
1413 2715 1725 2806 Prospero
1761 2717 1959 2786 Bruti
1983 2717 2222 2806 praelio,
2310 2715 2417 2790 59.
2468 2714 2761 2802 Nuntiato

586 2867 595 2874 -
667 2817 903 2885 Caesari
960 2819 1047 2885 ad
1086 2821 1386 2903 Ilerdam,
1420 2820 1707 2906 fortuna
1748 2833 2062 2893 mutatur.
2119 2823 2264 2904 60.
2303 2819 2636 2907 Hispania
2669 2838 2764 2904 po·

655 2920 822 3009 puli,
861 2921 1164 3007 Oscenses,
1209 2925 1719 3013 Calagurritani,
1766 2926 1906 3006 alii,
1952 2925 2283 2991 desciscunt
2334 2922 2418 2987 ab
2476 2920 2762 3011 Afranio.

663 3025 945 3093 61-63,
996 3027 1227 3109 Ceasar,
1262 3028 1493 3095 Sicoris
1512 3040 1704 3115 parte
1730 3052 1967 3108 aversa,
2000 3028 2345 3116 Afranium
2372 3037 2431 3091 et
2463 3025 2762 3092 Petreium

642 3137 870 3196 ‘'tem-et.
959 3132 1237 3203 64—70.
1288 3130 1447 3196 Cum
1475 3130 1571 3196 leis
1592 3154 1878 3220 prospere
1898 3127 2163 3218 pugn'at.
2251 3134 2531 3200 71—73.
2578 3125 2762 3212 Asta-

661 3234 870 3300 nianis
888 3236 1120 3322 parcit,
1153 3233 1574 3304 misericordia
1603 3246 1824 3316 motus,
1853 3237 1981 3299 sine
1992 3231 2214 3320 praelio
2243 3232 2321 3298 iis
2361 3254 2422 3296 se
2439 3231 2763 3316 potiturum

661 3358 931 3423 sperans.
1018 3347 1126 3409 74.
1161 3338 1567 3425 Agitursum
1591 3335 1831 3402 Caesare
1858 3337 1935 3402 de
1962 3325 2232 3425 Asi-anii
2260 3346 2317 3401 et
2340 3332 2588 3399 Petreii
2613 3331 2762 3398 vita:

653 3461 793 3534 pax
832 3439 1081 3507 videtur
1137 3441 1402 3509 coitura.
1492 3448 1601 3522 75,
1632 3442 1738 3513 76.
1784 3433 2073 3507 Petreius
2124 3437 2508 3506 Caesarianos
2546 3458 2663 3523 per
2683 3434 2763 3498 in-

666 3541 881 3607 ducias
929 3555 1191 3631 receptos
1234 3542 1467 3630 perfide
1523 3544 1828 3610 trucidari
1880 3556 2079 3612 curat.
2119 3553 2276 3615 77.
2325 3540 2548 3607 Caesar
2562 3548 2761 3605 contra

654 3641 1079 3760 Pompeianos
1125 3644 1326 3711 salvos
1353 3646 1638 3713 dimittit.
1727 3653 1833 3718 78.
1858 3645 2286 3734 Afraniani,
2313 3643 2505 3710 omnis
2548 3657 2763 3729 genem

669 3748 883 3833 inopia
931 3748 1147 3832 pressi,
1177 3759 1379 3813 castra
1411 3737 1790 3836 relinquunt.
1837 3757 2116 3824 79--83.
2161 3746 2247 3812 In·
2277 3747 2494 3812 itinere
2525 3737 2763 3831 impedi·

584 3893 594 3900 -
661 3861 862 3915 untur
888 3873 927 3916 a
980 3849 1242 3918 Caesare.
1331 3860 1437 3917 84.
1489 3849 1790 3917 Omnibus
1816 3850 1997 3916 rebus
2037 3851 2257 3917 obsessi
2286 3848 2652 3935 colloquium
2670 3861 2762 3929 pe

663 3965 831 4021 tunt.
922 3962 1027 4018 85.
1067 3953 1421 4042 Afranium
1478 3954 1867 4054 reprehendit
1919 3954 2146 4022 Ca’sar.
2237 3952 2343 4035 86,
2389 3958 2490 4028 87.
2540 3946 2760 4015 Dimit-

659 4056 829 4168 titur
857 4055 1191 4123 exercitus*
1235 4058 1413 4128 duces
1443 4055 1630 4123 libere
1657 4058 1905 4124 abeunt.
