3017 4950
480 415 523 477 4
744 396 753 403 ’
842 476 851 483 ῃ
1380 420 1797 471 PRAEFA‘rio.

476 573 612 637 nati
642 572 821 656 pleni
849 590 1060 635 rerum
1090 568 1445 634 alienarum
1475 589 1520 634 a
1546 589 1615 633 re
1639 556 2007 654 proposita,
2038 571 2236 635 vacui
2268 571 2686 655 propriarum

476 682 545 740 et
589 674 676 740 ad
713 674 1012 738 locorum
1054 669 1494 753 cognitionem
1533 670 1939 748 facientium,
2001 672 2117 755 qui
2159 671 2328 738 adeo
2374 694 2683 758 magnam

476 775 547 842 in
591 777 831 840 molem
881 775 1332 849 excreverunt,
1380 792 1499 837 nec
1530 772 1650 836 illa
1674 772 1847 837 mole
1890 773 2250 839 lectoribus
2279 775 2684 859 profuerunt,

475 879 595 944 sed
648 879 874 962 potius
918 874 1293 951 obfuerunt,
1354 872 1510 937 dum
1569 879 1826 958 tempus
1883 874 2083 939 breve
2139 881 2204 939 et
2258 878 2685 961 irreparabile

475 979 654 1065 qubd
700 977 976 1060 singulis
1022 979 1146 1053 est,
1193 980 1261 1054 et
1303 975 1499 1039 bonis
1528 974 1600 1037 in
1629 973 2035 1041 Auctoribus
2063 978 2356 1062 antiquis
2383 979 2684 1062 legendis
2795 1009 2804 1015 ·

472 1080 853 1163 ponendum
907 1077 1146 1156 fuerat,
1197 1078 1270 1139 in
1314 1081 1704 1140 novatorum
1753 1079 1997 1142 assutis
2050 1077 2135 1142 ad
2182 1085 2406 1143 vetera
2454 1100 2685 1148 monu-

472 1189 696 1248 menta
758 1183 1019 1247 laciniis
1076 1180 1454 1246 evolvendis
1508 1179 1759 1244 infelici
1819 1199 2139 1245 successu
2207 1182 2381 1246 male
2438 1186 2682 1251 teritur.

475 1281 605 1347 Cui
649 1283 831 1348 malo
866 1276 1205 1347 occurrere
1244 1283 1317 1345 in
1362 1282 1645 1364 gratiam
1695 1281 2091 1347 nobilissimi
2132 1284 2238 1346 sui
2280 1285 2526 1350 alumni
2571 1307 2685 1372 ag-

472 1406 739 1469 gressus
767 1385 1129 1470 praeclarus
1161 1378 1445 1449 Carolus
1467 1382 1554 1447 de
1582 1380 1833 1449 Sancta
1868 1383 2111 1449 Maura
2157 1385 2330 1450 Dux‘
2369 1384 2685 1454 Montan-

472 1489 713 1566 serius,
769 1487 1094 1551 Ludovici
1144 1484 1467 1568 Delphini
1502 1486 1830 1564 nutritiuS,
1875 1486 2144 1551 brevem
2192 1488 2683 1572 interpretatio-

473 1608 623 1654 nem
651 1591 908 1655 curavit
936 1588 1080 1652 fieri
1107 1588 1424 1670 locorum,
1457 1605 1734 1670 quorum
1762 1593 1876 1651 aut
1896 1608 2098 1653 voces
2128 1589 2432 1654 obscurae
2463 1599 2686 1658 essent

472 1697 588 1755 aut
617 1695 988 1767 contextuS,
1039 1694 1107 1754 et
1133 1708 1362 1753 earum
1397 1708 1613 1753 rerum
1638 1691 2152 1768 annotationem,
2199 1712 2350 1775 quae
2396 1691 2686 1759 illustra·

470 1798 613 1858 rent
640 1798 862 1876 partes
903 1790 1007 1855 vel
1034 1811 1252 1855 rerum
1282 1795 1615 1873 gestarum
1653 1797 2004 1879 vetustate,
2032 1793 2142 1857 vel
2168 1790 2399 1857 horum
2425 1815 2685 1860 morum

469 1897 556 1959 ab
613 1895 907 1978 antiquis
959 1892 1496 1958 dissimilitudine
1552 1895 1816 1976 ignotas
1867 1871 1977 1959 vel
2033 1895 2296 1962 dubias.
2415 1897 2499 1961 In
2554 1900 2684 1964 hoc

471 1993 766 2060 Auctore
817 1997 1425 2079 interpretationum
1473 1997 1694 2059 minus
1742 1996 2036 2078 positum
2083 2002 2208 2075 est,
2255 1961 2417 2081 quia
2460 1999 2531 2062 in
2575 2021 2683 2080 eo,

454 2096 652 2181 -quod
698 2098 780 2162 de
816 2095 1171 2163 Aristotele
1211 2097 1382 2161 dicit
1428 2095 1690 2176 Cicero,
1739 2097 1982 2162 flumen
2032 2100 2344 2164 orationis
2387 2114 2681 2183 aureum,

440 2205 774 2265 -notarum
804 2206 978 2264 certe
1006 2200 1178 2283 plue,
1211 2200 1371 2284 quia
1396 2212 1613 2263 rerum
1633 2201 1703 2267 in
1731 2200 1956 2266 multis
1984 2202 2296 2267 nonnulla
2318 2209 2422 2268 est
2441 2207 2685 2271 obscu-

446 2301 658 2365 ritas,
744 2300 907 2365 Hoc
936 2300 996 2364 si
1018 2301 1478 2385 praestitimus,
1529 2301 1709 2385 quod
1751 2307 1822 2367 et
1841 2308 2147 2374 nostrum
2178 2307 2529 2371 consilinm
2559 2308 2687 2375 fuit

448 2409 537 2469 -et
583 2404 1120 2489 praestantissimi
1162 2404 1381 2469 Ducis
1414 2396 1872 2486 Montauserii,
1921 2413 2032 2472 est
2068 2409 2249 2495 quod
2285 2410 2384 2474 illi
2411 2410 2683 2492 debeas,
2691 2493 2704 2496 Ἴ

469 2506 650 2589 quod
696 2512 762 2570 te
786 2508 934 2592 ejus
961 2507 1222 2572 fructus
1249 2501 1532 2573 voluerit
1553 2520 1706 2574 esse
1743 2504 2138 2596 participem
2161 2531 2363 2597 quem
2391 2514 2686 2578 Serenis-

466 2608 623 2671 simi
666 2607 1006 2691 Principis
1056 2610 1399 2693 proprium
1441 2625 1593 2674 esse
1636 2619 2060 2695 oportuera‘n
2104 2622 2289 2679 ratus
2334 2615 2683 2701 Principes

464 2709 537 2771 in
563 2710 819 2773 bonum*
844 2711 1187 2793 publicum
1208 2717 1404 2776 natos
1432 2725 1558 2777 sua
1602 2715 1830 2779 omnia
1878 2717 2236 2781 commoda
2263 2719 2352 2781 in
2397 2717 2469 2780 id
2518 2719 2685 2783 libe-

464 2805 685 2876 raliter
710 2812 1004 2876 conterre
1042 2812 1304 2893 debere,
1359 2831 1511 2899 quae
1547 2818 1756 2882 etiam
1799 2818 2066 2882 illorum
2105 2821 2372 2903 propria
2407 2826 2479 2884 et
2503 2823 2687 2886 velut

438 2912 834 2977 domestica
867 2909 1187 2982 videntur.
1279 2909 1437 2982 Non
1484 2937 1722 3002 parum
1763 2921 1978 2984 etiam
2013 2920 2221 2985 debes
2263 2922 2684 2988 Serenissimi

470 3017 784 3100 Delphini
824 3016 1235 3103 Praec'eptofi
1282 3021 1674 3105 dignissimo
1718 3022 1987 3088 ‘Jacobo
2038 3023 2336 3107 Benigno
2385 3026 2682 3090 Bossue-

464 3118 563 3183 tio
588 3116 1032 3183 condomensi
1060 3109 1391 3204 q‘uondam
1425 3123 1796 3208 Episcopo,
1825 3125 1956 3207 -qui
1991 3124 2064 3189 in
2107 3128 2483 3192 excolendo
2519 3128 2683 3193 tanti

467 3217 782 3302 discipuli
810 3221 1070 3302 ingenio
1104 3222 1491 3306 diligentem
1521 3237 1793 3308 operam
1835 3226 2106 3289 sedulus
2151 3228 2511 3310 impendit3
2555 3249 2681 3294 nec

466 3334 707 3404 parum
764 3322 964 3386 etiam
1025 3328 1201 3389 omni
1270 3326 1671 3392 eruditionis
1743 3343 1985 3410 genere
2029 3330 2405 3394 clarissimo
2481 3330 2682 3395 Petro

466 3419 739 3487 Danieli
788 3426 844 3487 H
857 3427 1056 3504 uetio,
1090 3431 1233 3513 qui,
1264 3430 1418 3493 huic
1460 3432 2013 3510 succenturiatuS,
2051 3451 2177 3497 nos
2215 3434 2288 3496 in
2332 3435 2457 3498 hoc
2484 3435 2683 3518 opere

466 3534 766 3591 versatos
821 3543 943 3593 sua
992 3534 1323 3616 sapientia
1372 3534 1571 3613 rexit,
1635 3534 1783 3598 face
1832 3542 2159 3620 praetenta
2200 3539 2328 3602 iter
2371 3537 2682 3616 ostendit,

466 3635 754 3693 errantes
792 3631 1177 3716 aliquando,
1227 3643 1303 3699 ut
1346 3636 1445 3715 fit,
1490 3639 1566 3701 in
1610 3639 1791 3702 viam
1831 3640 2136 3721 reduxit3
2181 3642 2316 3719 cui,
2341 3638 2684 3724 quicquid

466 3728 577 3794 hic
606 3739 707 3796 est
747 3736 1095 3817 optimum,
1136 3746 1494 3822 acceptum
1541 3740 1923 3822 referimus;
1970 3745 2028 3806 si
2059 3743 2224 3826 quid
2264 3744 2433 3806 enim
2465 3741 2683 3804 minus

466 3831 733 3912 bonum,
792 3836 921 3901 hoc
979 3845 1188 3904 totum
1246 3846 1541 3906 nostrum
1598 3863 1744 3907 esse
1785 3844 2033 3912 fateor.
2165 3845 2328 3921 Sed,
2384 3841 2721 3939 Candide·

468 3930 730 4014 Lector,
813 3935 1085 4021 Optimo
1154 3942 1327 4026 Regi
1402 3943 1748 4011 Ludovico
1821 3945 2034 4014 XIV.
2105 3947 2435 4013 Ludovici
2493 3946 2681 4008 Sere·
2729 3989 2740 4002 .

468 4033 726 4100 nissimi
768 4039 1089 4126 Delphini
1147 4049 1404 4130 parenti
1460 4050 1630 4113 bene
1688 4057 1984 4134 precare,
2035 4052 2151 4138 qui
2205 4067 2328 4112 nos
2385 4038 2681 4112 h'onesfis

468 4141 835 4221 propositis
862 4148 1159 4227 praemfis
1196 4149 1288 4213 ad
1332 4151 1463 4217 hoc
1512 4158 2117 4236 quantumcumque
2164 4156 2269 4216 est
2313 4169 2487 4236 opus
2528 4165 2679 4235 per-
