3017 4950
1148 382 1157 399 ,
1184 334 1687 387 constamus·
2434 342 2542 391 vu

2415 481 2550 549 Ρις.

321 597 609 681 Joseph1
637 596 963 681 Scaligeri
993 595 1260 662 Notitia
1288 595 1535 662 Galliae
1702 639 1719 656 .
2265 639 2288 687 ·,
2369 596 2546 664 1999

321 715 368 781 J
373 715 608 800 osephl
652 714 832 780 Justi
890 713 1236 798 scaligeri,
1290 713 1430 780 Jul.
1493 713 1675 779 Caes.
1721 712 1839 792 fil„
1909 712 1998 778 ad
2052 712 2287 780 claris-

498 834 742 899 simum
788 833 1024 909 virum,
1085 832 1374 897 Paulum
1421 830 1512 896 G.
1544 830 1624 894 F.
1653 829 1737 895 Ρ.
1771 829 1865 895 Ν.
1929 830 2280 912 Merulam,

500 954 844 1040 Epistola.
928 951 1228 1038 ejusdem
1274 971 1426 1016 cum
1476 951 1815 1036 superiore
1854 949 2146 1017 diatriba
2201 950 2287 1016 de

499 1072 748 1138 Galliae
779 1070 1046 1137 Notifia
1075 1072 1443 1154 argumenti
1698 1115 1713 1132 .
2265 1120 2284 1138 .
2371 1072 2548 1140 2019

296 1192 589 1258 'Notitia
617 1191 944 1257 Literaria
973 1190 1056 1255 de
1085 1187 1165 1256 C.
1190 1188 1237 1254 J
1241 1190 1376 1254 ullo
1405 1186 1702 1269 Caesare,
1732 1209 1822 1254 ex
1853 1188 1977 1257 Ed.
2009 1189 2281 1276 Bipont.

252 1382 259 1395 ,
346 1360 369 1381 .
498 1312 674 1377 1803
841 1360 858 1376 .
1703 1358 1721 1376 .
1987 1354 2004 1373 .
2265 1359 2283 1376 .
2370 1311 2548 1379 2027

327 1428 676 1496 Recensus
704 1429 1085 1496 Editionum
1110 1427 1384 1495 c.Ju1u
1412 1427 1730 1509 CaesariS,
1763 1428 2017 1496 auctior
2036 1428 2267 1496 Fabri-

499 1551 694 1615 ciano
721 1551 834 1615 et
813 1571 885 1614 m
907 1567 978 1613 v.
1009 1554 1240 1616 aetates
1269 1550 1568 1634 digestus
1633 1638 1639 1647 ἱ
1689 1595 1708 1615 .
1981 1595 1996 1614 .
2265 1595 2282 1612 .
2369 1550 2546 1615 2045

329 1667 677 1734 Recensus
707 1667 1036 1736 Codicum
1126 1718 1141 1734 .
1406 1719 1422 1736 .
1692 1717 1709 1734 .
1976 1716 1992 1732 .
2259 1715 2276 1732 .
2364 1666 2542 1734 2084

329 1784 551 1850 Index
600 1786 850 1853 Rerum
893 1789 1422 1854 memorabilium
1465 1806 1622 1874 quae
1669 1788 1740 1852 in
1782 1785 2286 1853 Commentariis

508 1903 802 1971 Caesaris
828 1901 1144 1972 habentur
1476 1956 1492 1972 .
1674 1952 1690 1968 .
1868 1950 1883 1968 .
2064 1954 2079 1970 .
2261 1956 2278 1972 .
2522 1909 2548 1972 i

332 2022 625 2088 Nomina
686 2023 1115 2111 Populorum,
1181 2025 1629 2112 oppidorum,
1695 2025 2109 2106 Fluviorum,
2162 2029 2285 2092 διο.

501 2164 656 2228 quae
690 2145 868 2231 apud
900 2145 1246 2213 Caesarem
1275 2147 1712 2232 reperiuntur,
1744 2165 1787 2210 a
1812 2140 1885 2209 S.
1917 2142 2191 2209 Clarkio
2218 2145 2289 2209 in

504 2265 731 2330 ordine
762 2266 1186 2350 alphabetico
1218 2265 1480 2349 digesta
1682 2309 1700 2326 .
1966 2309 1983 2325 .
2249 2311 2265 2328 .
2369 2264 2546 2329 xxxi

331 2382 551 2447 Index
578 2382 958 2448 Latinitatis
1188 2427 1205 2446 .
1382 2427 1397 2442 .
1578 2431 1595 2447 .
1779 2429 1794 2446 .
1976 2426 1993 2444 .
2171 2428 2187 2444 .
2275 2380 2550 2446 xxxviii

198 2589 207 2592 „
322 2522 510 2548 2-
563 2499 942 2565 Verborum
1311 2543 1327 2560 .
1592 2548 1609 2563 .
1886 2544 1902 2561 .
2170 2543 2185 2560 .
2374 2498 2546 2565 lxxv
