3017 4950
694 310 703 321 κ
762 332 875 383 nn.
907 332 1146 381 nunno
1192 331 1519 383 caniaco
1571 318 1715 382 Lm.
1764 336 1812 384 ι.
1860 335 2023 384 ear.
2067 318 2132 384 l.

285 502 295 510 ·
370 508 377 513 ·
435 478 659 549 vistim
688 480 855 546 missi
874 487 899 542 ἑ
961 481 1027 545 in
1058 477 1307 545 vincula
1338 479 1615 567 conjecti.

439 583 553 646 mis
582 583 775 670 copiis
816 584 901 648 ab
940 582 1261 648 Ariovisto
1306 582 1650 646 evitatumr
1712 592 1985 669 equestre
2012 593 2339 649 certamen.

2468 317 2568 386 21.

1720 484 1833 548 48.-
1883 478 2194 546 Praelium
2226 503 2359 546 cum
2388 503 2555 547 sm·

2440 580 2553 665 ⁴91

437 687 546 752 50.
592 682 748 749 Duo
779 697 980 751 castra
1028 684 1112 750 ab
1156 683 1458 750 Romanis
1480 683 1675 772 sacta
1694 713 1716 753 .·
1792 686 2103 751 minorum
2151 688 2554 774 oppugnatio.

442 785 646 852 Cama
692 786 1017 855 detrectati
1066 788 1148 853 ab
1201 788 1523 859 Ariovisto
1572 787 1780 877 praelii
1827 810 1965 855 cum
2012 790 2297 858 omnibus
2346 791 2556 879 copiis.

436 890 716 958 51—54.
767 890 956 958 Gaui
981 890 1174 979 legati
1198 882 1393 977 'erepti
1409 916 1431 956 .-
1479 891 1751 979 hyberno
1790 888 2052 958 Goaris
2073 915 2096 954 .-
2157 892 2278 959 εἰη·
2302 891 2392 958 od
2416 915 2558 959 con·

435 1003 649 1058 ventus
675 992 983 1060 habendos
1012 997 1081 1060 in
1111 995 1390 1060 citeriore
1422 993 1670 1061 Gallias

350 1348 684 1443 GALMA
731 1386 834 1446 est
860 1383 1075 1447 omnis
1113 1381 1336 1447 divisa
1361 1382 1429 1445 in
1454 1388 1678 1466 partes
1704 1385 1889 1459 nes?
1927 1401 2202 1465 qum-mn
2227 1400 2428 1447 unam
2455 1382 2562 1447 in³

1340 1538 1556 1592 NOTAE

411 1639 445 1684 2
495 1636 1050 1688 Estomaisdivisuin
1088 1644 1250 1703 portes
1291 1637 1413 1701 tres]

349 1707 486 1759 'Haec
519 1710 706 1760 divisio
738 1728 769 1762 a
808 1714 1015 1763 Caesare
1048 1715 1293 1763 instituta
1309 1727 1414 1762 uon

353 1791 517 1835 totam
571 1786 799 1837 Galliam
841 1789 1231 1853 Transalpinam
1281 1803 1416 1839 com-

347 1862 615 1927 plectitur,
659 1880 773 1929 quae
818 1867 1047 1930 quinque
1084 1867 1229 1916 velut
1264 1866 1414 1916 metis

344 1936 540 2000 finitur,
563 1940 767 2004 Rheno,
802 1942 1039 2007 Alpibus,
1077 1944 1205 1993 mari
1239 1943 1408 1993 Medi-

342 2012 606 2081 terraneo,
643 2020 911 2084 Pyrenaeis
951 2021 1208 2072 montibus
1243 2029 1301 2072 et
1334 2023 1407 2072 O·

346 2107 524 2158 oceno,
545 2096 637 2145 sed
677 2112 790 2146 eam
825 2099 989 2147 solum
1028 2105 1229 2164 partem
1267 2114 1403 2148 com-

343 2172 632 2236 prehendit,
648 2189 766 2238 quae
788 2173 890 2224 fuit
908 2175 976 2224 ab
1000 2176 1113 2240 ipso
1138 2176 1291 2225 armis
1314 2176 1404 2226 do·

343 2247 504 2309 mita3
554 2255 612 2298 et
632 2250 864 2300 excludit
903 2252 1223 2314 provinciam
1243 2251 1408 2302 Galli·

344 2339 478 2389 cam,
517 2341 635 2391 quae
669 2329 872 2390 pridem
892 2328 1138 2392 adjuncta
1158 2332 1411 2379 Romano-

343 2412 462 2451 rum
492 2401 712 2466 imperio
734 2417 766 2451 a
788 2404 1005 2453 Geneva
1029 2402 1098 2452 ad
1127 2404 1412 2467 Pyrcuaeos

341 2486 547 2531 montes
557 2482 873 2547 pertinebat.
908 2481 1076 2533 Immo
1091 2487 1147 2531 et
1159 2488 1281 2532 aute
1300 2483 1412 2533 Caeae

339 2574 513 2610 sarem
557 2561 661 2611 alia
702 2560 804 2613 fuit
840 2563 956 2627 ejus
1002 2563 1232 2627 partitio,
1274 2577 1412 2626 cum,

341 2638 570 2689 noudum
612 2640 796 2691 accisis
835 2639 1045 2703 finibus,
1082 2641 1298 2705 longius
1342 2642 1413 2690 la-

341 2716 551 2780 tiusque
569 2720 757 2780 patens
780 2715 952 2768 Gallia
972 2716 1127 2766 aliter
1158 2732 1190 2766 a
1220 2717 1409 2767 Roma·

343 2791 423 2842 uis
466 2790 815 2843 dividebatur.
903 2792 1043 2844 Galli
1078 2794 1242 2857 enim,
1287 2795 1410 2859 quia

339 2868 601 2920 hominum
631 2870 785 2934 copia
814 2871 1109 2921 laborantes
1146 2873 1405 2936 superatis

339 2944 561 3010 Alpibus
583 2946 803 2996 mediam
835 2962 1002 3012 prope
1023 2947 1227 3000 Italiam
1249 2964 1404 3002 occu-

337 3028 612 3087 paverant,
667 3023 928 3087 duplicem
972 3030 1263 3076 statuerant
1304 3028 1404 3077 Ro-

336 3099 477 3148 mani
499 3100 742 3162 Galliam,
764 3100 1097 3165 Cisalpinam,
1132 3117 1226 3153 seu
1265 3103 1406 3154 Cite-

230 3207 238 3215 ·
338 3168 546 3239 rior-em,
587 3177 670 3227 cui
705 3191 765 3227 se
806 3177 949 3227 Galli
984 3178 1131 3229 circa
1166 3186 1407 3244 tempora

337 3251 603 3318 Tarquinii
656 3253 827 3303 Prisci
877 3251 1297 3321 superfunderent,
1348 3263 1407 3308 et

300 3393 305 3395 v
336 3327 732 3394 Transalpinam
754 3343 846 3380 seu
866 3330 1203 3394 Ulterior-em,
1236 3346 1267 3381 e
1301 3347 1407 3398 qua

335 3405 391 3454 iu
412 3404 720 3455 citeriorem
738 3407 1218 3471 commigraverunt.
1253 3409 1405 3460 Hauc

335 3480 649 3534 Braccatam
686 3497 718 3531 a
753 3481 956 3534 braccis
979 3484 1405 3554 quibusluteban·

335 3563 425 3609 tur
459 3558 538 3608 illi
572 3559 784 3623 populi3
832 3559 973 3610 illam
995 3561 1251 3626 Togatam
1274 3577 1306 3612 a
1324 3568 1403 3613 to-

338 3637 436 3701 gis,
458 3651 678 3701 quarum
698 3636 892 3686 ibidem
913 3636 1127 3702 vigebat
1144 3653 1284 3703 usus,
1313 3653 1403 3703 ap-

338 3712 625 3777 pellabant.
691 3713 825 3764 Huc
848 3726 991 3778 vero,
1011 3729 1129 3780 quae
1151 3714 1403 3766 dividitur

339 3804 371 3838 a
390 3785 602 3840 Caesare
635 3790 693 3839 in
725 3796 907 3855 partes
934 3795 1061 3854 tres,
1085 3792 1305 3842 Comata
1325 3791 1403 3841 di·

336 3864 574 3916 cebatur.
639 3868 772 3917 Post
788 3867 989 3919 Julium
1023 3873 1196 3918 autem
1231 3869 1403 3930 Carsa-

339 3957 447 3994 rem
486 3941 752 4006 Augustus
798 3957 972 3994 rerum
1010 3945 1207 4009 potitus
1251 3944 1403 4002 aliam

339 4016 634 4068 dividendae
689 4017 874 4069 Gallim
943 4020 1197 4072 rationem
1265 4020 1401 4071 iniit.

338 4096 674 4161 Aquitaniam
697 4110 730 4144 a
749 4095 1019 4161 Pyrenaeis
1035 4098 1295 4150 montibus
1332 4097 1400 4148 ad

336 4173 564 4239 ligerim
586 4171 781 4236 flumen
799 4177 1077 4239 promovit,
1091 4176 1260 4227 Celtis
1275 4175 1402 4226 Hel·

338 4251 501 4304 setim
522 4258 582 4304 et
607 4250 878 4319 Sequanos
898 4252 1108 4320 ademt,
1125 4252 1304 4319 Belgis
1325 4257 1401 4304 at-

1492 1637 1699 1703 tribuit,
1736 1639 2002 1689 celtarum
2046 1635 2308 1701 regionem
2349 1634 2562 1699 Lugdu<-

1492 1730 1707 1767 nensem
1746 1731 1778 1766 a
1812 1716 2067 1781 Lugduno
2091 1716 2436 1764 Romanorum
2459 1713 2561 1764 Co-

1492 1793 1633 1842 lonia
1661 1793 1962 1858 appellavit,
1987 1791 2157 1842 tribus
2179 1790 2281 1840 iliis
2319 1788 2558 1855 partibus

1492 1870 1905 1931 Narbonensem,
1927 1884 2045 1936 qua·
2085 1869 2432 1918 Romanorum
2471 1880 2562 1916 an-

1490 1947 1708 2013 tiquitus
1728 1954 1844 1997 erat
1867 1946 2155 2011 provincia,
2175 1942 2394 1994 addidit.
2449 1943 2560 1993 Un-

1487 2024 1556 2073 de
1577 2023 1958 2090 quadripertita
1977 2022 2155 2072 extitit
2184 2020 2294 2084 ejus
2318 2028 2560 2083 tempore

1484 2101 1691 2152 divisio.
1757 2102 1952 2152 Postea
1973 2097 2195 2159 Celtica,
2213 2096 2319 2146 sire
2341 2094 2444 2145 alio
2464 2108 2559 2144 no·

1483 2179 1623 2229 mine
1642 2177 2021 2243 Lugdunensis,
2033 2177 2087 2225 in
2103 2175 2233 2225 duas
2255 2173 2424 2223 divisa
2443 2178 2560 2233 estg

1487 2268 1591 2322 quo
1636 2257 1702 2305 ab
1742 2247 2089 2320 Imperatore,
2131 2253 2394 2301 nescitur:
2451 2263 2558 2299 non

1489 2338 1638 2381 certe
1659 2332 1725 2381 ab
1744 2332 1851 2381 ullo
1887 2331 1977 2395 qui
1997 2332 2245 2379 Severum
2267 2334 2562 2375 antecesse-

1493 2410 1580 2458 rit.
1646 2410 1786 2459 Nam
1809 2407 1947 2473 apud
1968 2405 2301 2471 Spanianum
2322 2402 2563 2465 legimus,

1493 2501 1614 2536 eum
1635 2485 2029 2550 Lugdunensem
2060 2480 2374 2548 provinciam
2399 2480 2564 2545 Lega-

1492 2570 1605 2613 tum
1627 2561 1911 2627 accepisse.
2000 2561 2159 2612 Certe
2183 2555 2347 2609 Rufus
2371 2557 2559 2607 Festus

1491 2640 1547 2689 in
1589 2639 1844 2689 breviario
1883 2652 2055 2689 rerum
2086 2643 2344 2702 gestarum
2387 2635 2449 2687 Ρ.
2489 2634 2557 2685 lt.

1491 2716 1630 2781 quod
1665 2715 2028 2765 Valentiniano
2061 2720 2121 2764 et
2152 2712 2364 2763 Valenti
2387 2710 2558 2777 Impe-

1489 2792 1748 2843 tatoribus
1781 2792 2008 2856 scripsit,
2028 2789 2321 2855 provincias
2350 2787 2560 2854 Lugdu·

1484 2883 1671 2919 nenses
1710 2868 1838 2919 duas
1876 2874 2163 2918 enumerat.
2260 2867 2399 2919 Item
2437 2867 2557 2932 ejus

1486 2946 1700 3012 equalis
1721 2944 1977 2996 Ammian.
2011 2945 2345 2996 Marcellinus
2377 2947 2394 2974 ‘
2419 2945 2557 3010 Lug·

1484 3023 1769 3073 dunensem
1807 3023 2027 3087 primam
2059 3022 2111 3072 in
2147 3037 2250 3089 qua
2270 3022 2555 3087 Lugdunus

1484 3106 1540 3148 et
1570 3100 1821 3161 Senones,
1841 3099 2238 3164 Lngdunensem
2272 3098 2556 3151 secundam

1483 3175 1538 3224 in
1575 3189 1679 3241 qua
1698 3176 2015 3239 Rotomagus
2056 3181 2111 3226 et
2149 3174 2378 3236 Toron&
2413 3188 2557 3225 com·

1482 3258 1753 3304 memorat.
1849 3252 2080 3303 Tandem
2122 3253 2304 3303 eadem
2351 3250 2558 3302 Celtica

1482 3328 1592 3378 sive
1615 3327 1996 3393 Lugdunensis,
2019 3342 2135 3393 qua»
2169 3326 2410 3378 bifariam
2445 3325 2558 3376 fue-

1483 3411 1569 3456 rat
1589 3411 1713 3456 ante
1731 3404 1947 3470 partita,
1965 3404 2018 3454 in
2041 3414 2218 3468 partes
2234 3409 2456 3470 quatuor
2472 3408 2558 3453 est

1484 3482 1666 3533 divisa.
1732 3483 1864 3536 Qun
1887 3482 2070 3531 ultima
2092 3478 2281 3531 divisio
2299 3493 2419 3531 cum
2442 3478 2554 3544 pls·

1483 3559 1656 3624 risque
1686 3558 1974 3609 Galliarum
1996 3565 2054 3607 et
2075 3556 2294 3621 Imperii
2331 3556 2554 3608 Romani

1482 3637 1686 3690 notitiis
1723 3637 2037 3700 continetur,
2075 3641 2185 3686 tum
2224 3651 2288 3687 ea
2329 3635 2553 3686 maxime

1481 3714 1864 3779 provinciarum
1915 3718 1971 3763 et
2019 3711 2292 3763 civitatum
2345 3707 2556 3775 Gallia»,

1481 3808 1601 3859 quas
1632 3799 1719 3844 est
1754 3792 1821 3843 ab
1843 3790 2066 3845 Honorii
2103 3789 2398 3853 principatu
2431 3798 2556 3836 con·

1480 3871 1610 3933 dita,
1639 3876 1698 3921 et
1728 3885 1760 3920 a
1792 3868 2066 3920 sirmondo
2090 3865 2418 3930 chesnioque
2441 3864 2553 3914 vul-

1482 3954 1623 4014 gata,
1662 3956 1721 4000 et
1759 3947 1834 3998 sic
1875 3946 2069 3998 babet:
2127 3944 2144 3973 ‘
2168 3943 2232 3993 In
2276 3940 2553 4006 provinciis

1481 4023 1767 4076 Gallicanis
1785 4018 2057 4087 provincia
2071 4017 2430 4082 Lugdunensis
2447 4020 2556 4085 pri.

1481 4114 1583 4165 ma,
1615 4096 1884 4165 provincia
1913 4093 2275 4158 Lugdunensis
2307 4093 2551 4160 secunda,

1483 4175 1753 4240 provincia
1774 4168 2132 4236 Lugdunensis
2151 4169 2327 4235 tertia,
2341 4169 2550 4235 provin-

1480 4251 1565 4304 cia
1587 4245 1949 4316 Lugdunensis
1978 4246 2220 4315 senonia,
2243 4246 2369 4299 alias
2405 4246 2556 4314 Lug-q
