<?xml version="1.0" encoding="UTF-8"?>
<!DOCTYPE html PUBLIC "-//W3C//DTD XHTML 1.0 Transitional//EN"
    "http://www.w3.org/TR/xhtml1/DTD/xhtml1-transitional.dtd">
<html xmlns="http://www.w3.org/1999/xhtml" xml:lang="en" lang="en">
 <head>
  <title>
</title>
<meta http-equiv="Content-Type" content="text/html;charset=utf-8" />
  <meta name='ocr-system' content='tesseract 3.04.00' />
  <meta name='ocr-capabilities' content='ocr_page ocr_carea ocr_par ocr_line ocrx_word'/>
</head>
<body>
  <div class='ocr_page' id='page_1' title='image "./cjuliicaesariso01unkngoog_0029.png"; bbox 0 0 3017 4950; ppageno 0'>
   <div class='ocr_carea' id='block_1_1' title="bbox 1262 329 2578 395">
    <p class='ocr_par' dir='ltr' id='par_1_1' title="bbox 1262 329 2578 395">
     <span class='ocr_line' id='line_1_1' title="bbox 1262 329 2578 395; baseline 0.002 -6"><span class='ocrx_word' id='word_1_1' title='bbox 1262 339 1681 395; x_wconf 61' lang='lat' dir='ltr'>rufius-io.</span> <span class='ocrx_word' id='word_1_2' title='bbox 2535 329 2578 391; x_wconf 88' lang='grc'><strong>7</strong></span> 
     </span>
    </p>
   </div>
   <div class='ocr_carea' id='block_1_2' title="bbox 320 483 2615 3354">
    <p class='ocr_par' dir='ltr' id='par_1_2' title="bbox 361 483 2586 1189">
     <span class='ocr_line' id='line_1_2' title="bbox 361 483 2578 573; baseline 0.001 -16"><span class='ocrx_word' id='word_1_3' title='bbox 361 489 461 557; x_wconf 81' lang='lat' dir='ltr'>sic</span> <span class='ocrx_word' id='word_1_4' title='bbox 505 489 577 557; x_wconf 87' lang='lat' dir='ltr'>in</span> <span class='ocrx_word' id='word_1_5' title='bbox 619 487 751 555; x_wconf 88' lang='lat' dir='ltr'>fine</span> <span class='ocrx_word' id='word_1_6' title='bbox 792 486 996 553; x_wconf 75' lang='lat' dir='ltr'>habet</span> <span class='ocrx_word' id='word_1_7' title='bbox 1034 483 1271 551; x_wconf 87' lang='lat' dir='ltr'>eadem</span> <span class='ocrx_word' id='word_1_8' title='bbox 1317 486 1586 555; x_wconf 80' lang='lat' dir='ltr'>rubrica</span> <span class='ocrx_word' id='word_1_9' title='bbox 1627 487 1976 573; x_wconf 80' lang='lat' dir='ltr'>scriptum,</span> <span class='ocrx_word' id='word_1_10' title='bbox 2021 493 2042 522; x_wconf 89' lang='lat'>‘</span> <span class='ocrx_word' id='word_1_11' title='bbox 2070 487 2292 557; x_wconf 77' lang='lat' dir='ltr'><strong>Julius</strong></span> <span class='ocrx_word' id='word_1_12' title='bbox 2339 486 2578 559; x_wconf 85' lang='lat' dir='ltr'>Celsus</span> 
     </span>
     <span class='ocr_line' id='line_1_3' title="bbox 362 585 2579 672; baseline 0.001 -14"><span class='ocrx_word' id='word_1_13' title='bbox 362 590 839 666; x_wconf 66' lang='lat' dir='ltr'><strong>Constantinus</strong></span> <span class='ocrx_word' id='word_1_14' title='bbox 889 585 1043 654; x_wconf 89' lang='lat' dir='ltr'>VC.</span> <span class='ocrx_word' id='word_1_15' title='bbox 1074 588 1233 672; x_wconf 82' lang='lat' dir='ltr'>legi</span> <span class='ocrx_word' id='word_1_16' title='bbox 1289 585 1815 657; x_wconf 74' lang='lat' dir='ltr'>Commentarios</span> <span class='ocrx_word' id='word_1_17' title='bbox 1889 589 1981 656; x_wconf 79' lang='lat' dir='ltr'>G.</span> <span class='ocrx_word' id='word_1_18' title='bbox 2040 589 2206 657; x_wconf 83' lang='lat' dir='ltr'>Julii</span> <span class='ocrx_word' id='word_1_19' title='bbox 2280 591 2579 669; x_wconf 65' lang='lat' dir='ltr'>Caesaris</span> 
     </span>
     <span class='ocr_line' id='line_1_4' title="bbox 362 688 2578 782; baseline -0 -19"><span class='ocrx_word' id='word_1_20' title='bbox 362 695 523 763; x_wconf 83' lang='lat' dir='ltr'>belli</span> <span class='ocrx_word' id='word_1_21' title='bbox 568 692 817 760; x_wconf 82' lang='lat' dir='ltr'>Gallici</span> <span class='ocrx_word' id='word_1_22' title='bbox 861 691 979 758; x_wconf 89' lang='lat' dir='ltr'>lib.</span> <span class='ocrx_word' id='word_1_23' title='bbox 1028 707 1165 756; x_wconf 85' lang='lat' dir='ltr'>vn.</span> <span class='ocrx_word' id='word_1_24' title='bbox 1210 689 1461 777; x_wconf 80' lang='lat' dir='ltr'><strong>explic.</strong></span> <span class='ocrx_word' id='word_1_25' title='bbox 1527 688 1792 759; x_wconf 83' lang='lat' dir='ltr'><strong>Abhinc</strong></span> <span class='ocrx_word' id='word_1_26' title='bbox 1837 691 2048 759; x_wconf 82' lang='lat' dir='ltr'>Hirtii</span> <span class='ocrx_word' id='word_1_27' title='bbox 2081 691 2329 762; x_wconf 73' lang='lat' dir='ltr'>Pansae</span> <span class='ocrx_word' id='word_1_28' title='bbox 2373 696 2578 782; x_wconf 83' lang='lat' dir='ltr'>incip.</span> 
     </span>
     <span class='ocr_line' id='line_1_5' title="bbox 366 792 2583 880; baseline 0.002 -18"><span class='ocrx_word' id='word_1_29' title='bbox 366 796 700 865; x_wconf 79' lang='lat' dir='ltr'>Praesacio</span> <span class='ocrx_word' id='word_1_30' title='bbox 744 795 922 861; x_wconf 86' lang='lat' dir='ltr'><strong>libri.</strong></span> <span class='ocrx_word' id='word_1_31' title='bbox 924 793 943 819; x_wconf 90' lang='lat'>&#39;</span> <span class='ocrx_word' id='word_1_32' title='bbox 1029 792 1117 860; x_wconf 90' lang='lat' dir='ltr'>Et</span> <span class='ocrx_word' id='word_1_33' title='bbox 1157 799 1314 880; x_wconf 87' lang='lat' dir='ltr'>post</span> <span class='ocrx_word' id='word_1_34' title='bbox 1355 794 1597 863; x_wconf 86' lang='lat' dir='ltr'>librum</span> <span class='ocrx_word' id='word_1_35' title='bbox 1632 811 1802 861; x_wconf 85' lang='lat' dir='ltr'>vm.</span> <span class='ocrx_word' id='word_1_36' title='bbox 1845 794 2084 861; x_wconf 88' lang='lat' dir='ltr'>iisdem</span> <span class='ocrx_word' id='word_1_37' title='bbox 2126 796 2342 863; x_wconf 86' lang='lat' dir='ltr'>rubris</span> <span class='ocrx_word' id='word_1_38' title='bbox 2381 797 2583 873; x_wconf 68' lang='lat' dir='ltr'>literis</span> 
     </span>
     <span class='ocr_line' id='line_1_6' title="bbox 366 894 2584 989; baseline 0 -24"><span class='ocrx_word' id='word_1_39' title='bbox 366 897 999 989; x_wconf 79' lang='lat' dir='ltr'>scriptumlegitur,</span> <span class='ocrx_word' id='word_1_40' title='bbox 1061 895 1335 963; x_wconf 85' lang='lat' dir='ltr'>‘Julius</span> <span class='ocrx_word' id='word_1_41' title='bbox 1409 894 2388 965; x_wconf 85' lang='lat' dir='ltr'>CelsusConstantinusVC.</span> <span class='ocrx_word' id='word_1_42' title='bbox 2449 899 2584 985; x_wconf 72' lang='lat' dir='ltr'>legi</span> 
     </span>
     <span class='ocr_line' id='line_1_7' title="bbox 364 997 2586 1087; baseline 0 -19"><span class='ocrx_word' id='word_1_43' title='bbox 364 1008 619 1086; x_wconf 76' lang='lat' dir='ltr'>tantum</span> <span class='ocrx_word' id='word_1_44' title='bbox 675 1001 972 1068; x_wconf 79' lang='lat' dir='ltr'><strong>feliciter.</strong></span> <span class='ocrx_word' id='word_1_45' title='bbox 1091 997 1403 1066; x_wconf 81' lang='lat' dir='ltr'>G.Ju1u</span> <span class='ocrx_word' id='word_1_46' title='bbox 1457 998 1806 1066; x_wconf 72' lang='lat' dir='ltr'>Pontificis</span> <span class='ocrx_word' id='word_1_47' title='bbox 1859 1000 2136 1069; x_wconf 81' lang='lat' dir='ltr'>maximi</span> <span class='ocrx_word' id='word_1_48' title='bbox 2193 999 2586 1087; x_wconf 73' lang='lat' dir='ltr'>premea‘s</span> 
     </span>
     <span class='ocr_line' id='line_1_8' title="bbox 364 1101 2585 1189; baseline 0 -17"><span class='ocrx_word' id='word_1_49' title='bbox 364 1125 583 1172; x_wconf 89' lang='lat' dir='ltr'>rerum</span> <span class='ocrx_word' id='word_1_50' title='bbox 630 1112 968 1189; x_wconf 84' lang='lat' dir='ltr'>gestarum</span> <span class='ocrx_word' id='word_1_51' title='bbox 1009 1104 1166 1170; x_wconf 88' lang='lat' dir='ltr'>belli</span> <span class='ocrx_word' id='word_1_52' title='bbox 1221 1101 1472 1169; x_wconf 81' lang='lat' dir='ltr'>Gallici</span> <span class='ocrx_word' id='word_1_53' title='bbox 1517 1102 1687 1168; x_wconf 90' lang='lat' dir='ltr'>liber</span> <span class='ocrx_word' id='word_1_54' title='bbox 1736 1119 1902 1169; x_wconf 75' lang='lat' dir='ltr'>vui.</span> <span class='ocrx_word' id='word_1_55' title='bbox 1945 1103 2225 1189; x_wconf 78' lang='lat' dir='ltr'>explicit</span> <span class='ocrx_word' id='word_1_56' title='bbox 2266 1103 2585 1173; x_wconf 80' lang='lat' dir='ltr'>feliciter’</span> 
     </span>
    </p>

    <p class='ocr_par' dir='ltr' id='par_1_3' title="bbox 370 1205 2588 1290">
     <span class='ocr_line' id='line_1_9' title="bbox 370 1205 2588 1290; baseline 0 -18"><span class='ocrx_word' id='word_1_57' title='bbox 370 1205 526 1273; x_wconf 81' lang='lat' dir='ltr'>MS.</span> <span class='ocrx_word' id='word_1_58' title='bbox 562 1207 779 1272; x_wconf 82' lang='lat' dir='ltr'><strong>codex</strong></span> <span class='ocrx_word' id='word_1_59' title='bbox 805 1206 1126 1272; x_wconf 85' lang='lat' dir='ltr'>Thuanus</span> <span class='ocrx_word' id='word_1_60' title='bbox 1171 1206 1274 1271; x_wconf 91' lang='lat' dir='ltr'>sic</span> <span class='ocrx_word' id='word_1_61' title='bbox 1321 1205 1579 1270; x_wconf 88' lang='lat' dir='ltr'>habet</span> <span class='ocrx_word' id='word_1_62' title='bbox 1561 1224 1632 1270; x_wconf 90' lang='grc' dir='ltr'>ιιι</span> <span class='ocrx_word' id='word_1_63' title='bbox 1674 1206 1969 1290; x_wconf 78' lang='lat' dir='ltr'>margine</span> <span class='ocrx_word' id='word_1_64' title='bbox 2005 1205 2156 1271; x_wconf 87' lang='lat' dir='ltr'>libri</span> <span class='ocrx_word' id='word_1_65' title='bbox 2186 1222 2266 1273; x_wconf 87' lang='grc' dir='ltr'>ιι.</span> <span class='ocrx_word' id='word_1_66' title='bbox 2315 1205 2400 1271; x_wconf 90' lang='lat' dir='ltr'>de</span> <span class='ocrx_word' id='word_1_67' title='bbox 2445 1207 2588 1272; x_wconf 87' lang='lat' dir='ltr'>bel·</span> 
     </span>
    </p>

    <p class='ocr_par' dir='ltr' id='par_1_4' title="bbox 320 1306 2615 3324">
     <span class='ocr_line' id='line_1_10' title="bbox 366 1306 2584 1394; baseline 0 -19"><span class='ocrx_word' id='word_1_68' title='bbox 366 1309 439 1375; x_wconf 92' lang='lat' dir='ltr'>lo</span> <span class='ocrx_word' id='word_1_69' title='bbox 482 1308 772 1389; x_wconf 84' lang='lat' dir='ltr'>Gallico,</span> <span class='ocrx_word' id='word_1_70' title='bbox 812 1309 882 1374; x_wconf 92' lang='lat' dir='ltr'>in</span> <span class='ocrx_word' id='word_1_71' title='bbox 925 1308 1280 1394; x_wconf 89' lang='lat' dir='ltr'>principio,</span> <span class='ocrx_word' id='word_1_72' title='bbox 1326 1306 1606 1374; x_wconf 80' lang='lat' dir='ltr'>‘Julius</span> <span class='ocrx_word' id='word_1_73' title='bbox 1642 1306 1883 1376; x_wconf 89' lang='lat' dir='ltr'>Celsus</span> <span class='ocrx_word' id='word_1_74' title='bbox 1928 1306 2402 1376; x_wconf 78' lang='lat' dir='ltr'>Constantinus</span> <span class='ocrx_word' id='word_1_75' title='bbox 2428 1307 2584 1376; x_wconf 89' lang='lat' dir='ltr'>VC.</span> 
     </span>
     <span class='ocr_line' id='line_1_11' title="bbox 367 1409 2589 1498; baseline 0 -18"><span class='ocrx_word' id='word_1_76' title='bbox 367 1413 503 1497; x_wconf 81' lang='lat' dir='ltr'>legi</span> <span class='ocrx_word' id='word_1_77' title='bbox 530 1411 682 1478; x_wconf 87' lang='lat' dir='ltr'>Caii</span> <span class='ocrx_word' id='word_1_78' title='bbox 720 1412 1015 1479; x_wconf 73' lang='lat' dir='ltr'>Caesaris</span> <span class='ocrx_word' id='word_1_79' title='bbox 1044 1409 1573 1478; x_wconf 86' lang='lat' dir='ltr'>Commentarios</span> <span class='ocrx_word' id='word_1_80' title='bbox 1615 1412 1895 1479; x_wconf 73' lang='lat' dir='ltr'>feliciter</span> <span class='ocrx_word' id='word_1_81' title='bbox 1909 1411 1951 1496; x_wconf 71' lang='grc' dir='ltr'>ς’</span> <span class='ocrx_word' id='word_1_82' title='bbox 1990 1414 2062 1479; x_wconf 89' lang='grc' dir='ltr'>ιιι</span> <span class='ocrx_word' id='word_1_83' title='bbox 2105 1413 2400 1498; x_wconf 77' lang='lat' dir='ltr'>margine</span> <span class='ocrx_word' id='word_1_84' title='bbox 2427 1434 2589 1481; x_wconf 86' lang='lat' dir='ltr'>vero</span> 
     </span>
     <span class='ocr_line' id='line_1_12' title="bbox 367 1513 2590 1600; baseline -0.001 -16"><span class='ocrx_word' id='word_1_85' title='bbox 367 1515 523 1584; x_wconf 89' lang='lat' dir='ltr'>libri</span> <span class='ocrx_word' id='word_1_86' title='bbox 571 1533 685 1583; x_wconf 86' lang='grc' dir='ltr'>ιιι.</span> <span class='ocrx_word' id='word_1_87' title='bbox 740 1514 825 1580; x_wconf 91' lang='lat' dir='ltr'>de</span> <span class='ocrx_word' id='word_1_88' title='bbox 869 1515 1052 1581; x_wconf 90' lang='lat' dir='ltr'>bello</span> <span class='ocrx_word' id='word_1_89' title='bbox 1100 1513 1367 1581; x_wconf 85' lang='lat' dir='ltr'>Gallico</span> <span class='ocrx_word' id='word_1_90' title='bbox 1412 1515 1512 1581; x_wconf 89' lang='lat' dir='ltr'>sic</span> <span class='ocrx_word' id='word_1_91' title='bbox 1563 1519 1670 1580; x_wconf 86' lang='lat' dir='ltr'>est</span> <span class='ocrx_word' id='word_1_92' title='bbox 1711 1514 2056 1598; x_wconf 84' lang='lat' dir='ltr'>scriptum,</span> <span class='ocrx_word' id='word_1_93' title='bbox 2115 1515 2190 1580; x_wconf 91' lang='lat' dir='ltr'>in</span> <span class='ocrx_word' id='word_1_94' title='bbox 2237 1514 2590 1600; x_wconf 84' lang='lat' dir='ltr'>principio,</span> 
     </span>
     <span class='ocr_line' id='line_1_13' title="bbox 372 1608 2595 1700; baseline 0.001 -19"><span class='ocrx_word' id='word_1_95' title='bbox 372 1620 394 1652; x_wconf 88' lang='lat'><em>‘</em></span> <span class='ocrx_word' id='word_1_96' title='bbox 424 1616 649 1682; x_wconf 82' lang='lat' dir='ltr'>Julius</span> <span class='ocrx_word' id='word_1_97' title='bbox 694 1615 933 1683; x_wconf 88' lang='lat' dir='ltr'>Celsus</span> <span class='ocrx_word' id='word_1_98' title='bbox 964 1608 1450 1685; x_wconf 82' lang='lat' dir='ltr'>Constantinus</span> <span class='ocrx_word' id='word_1_99' title='bbox 1500 1614 1654 1681; x_wconf 89' lang='lat' dir='ltr'>VC.</span> <span class='ocrx_word' id='word_1_100' title='bbox 1702 1616 1860 1700; x_wconf 85' lang='lat' dir='ltr'>legi.</span> <span class='ocrx_word' id='word_1_101' title='bbox 1967 1615 2246 1682; x_wconf 85' lang='lat' dir='ltr'>Flavius</span> <span class='ocrx_word' id='word_1_102' title='bbox 2294 1615 2595 1683; x_wconf 87' lang='lat' dir='ltr'>Licerius</span> 
     </span>
     <span class='ocr_line' id='line_1_14' title="bbox 376 1717 2592 1804; baseline 0 -19"><span class='ocrx_word' id='word_1_103' title='bbox 376 1719 713 1786; x_wconf 75' lang='lat' dir='ltr'>Fir-minus</span> <span class='ocrx_word' id='word_1_104' title='bbox 742 1719 1108 1804; x_wconf 74' lang='lat' dir='ltr'><strong>Lupicinus</strong></span> <span class='ocrx_word' id='word_1_105' title='bbox 1131 1718 1268 1802; x_wconf 85' lang='lat' dir='ltr'>legi</span> <span class='ocrx_word' id='word_1_106' title='bbox 1301 1719 1457 1784; x_wconf 88' lang='lat' dir='ltr'>libri</span> <span class='ocrx_word' id='word_1_107' title='bbox 1491 1718 1656 1785; x_wconf 88' lang='lat' dir='ltr'>belli</span> <span class='ocrx_word' id='word_1_108' title='bbox 1683 1717 1931 1784; x_wconf 84' lang='lat' dir='ltr'>Gallici</span> <span class='ocrx_word' id='word_1_109' title='bbox 1966 1719 2137 1784; x_wconf 90' lang='lat' dir='ltr'>liber</span> <span class='ocrx_word' id='word_1_110' title='bbox 2165 1734 2248 1784; x_wconf 88' lang='lat'>11.</span> <span class='ocrx_word' id='word_1_111' title='bbox 2287 1718 2592 1804; x_wconf 79' lang='lat' dir='ltr'>explicit,</span> 
     </span>
     <span class='ocr_line' id='line_1_15' title="bbox 376 1819 2599 1907; baseline 0 -18"><span class='ocrx_word' id='word_1_112' title='bbox 376 1821 619 1907; x_wconf 75' lang='lat' dir='ltr'>incipit</span> <span class='ocrx_word' id='word_1_113' title='bbox 640 1822 808 1887; x_wconf 88' lang='lat' dir='ltr'>liber</span> <span class='ocrx_word' id='word_1_114' title='bbox 840 1819 975 1887; x_wconf 88' lang='lat'><em>111.&#39;</em></span> <span class='ocrx_word' id='word_1_115' title='bbox 1061 1820 1198 1886; x_wconf 88' lang='lat' dir='ltr'>His</span> <span class='ocrx_word' id='word_1_116' title='bbox 1239 1825 1309 1887; x_wconf 87' lang='lat' dir='ltr'>et</span> <span class='ocrx_word' id='word_1_117' title='bbox 1351 1821 1597 1891; x_wconf 84' lang='lat' dir='ltr'>talibus</span> <span class='ocrx_word' id='word_1_118' title='bbox 1643 1821 1857 1889; x_wconf 87' lang='lat' dir='ltr'>titulis</span> <span class='ocrx_word' id='word_1_119' title='bbox 1903 1822 2020 1907; x_wconf 88' lang='lat' dir='ltr'>qui</span> <span class='ocrx_word' id='word_1_120' title='bbox 2067 1821 2322 1907; x_wconf 78' lang='lat' dir='ltr'>passim</span> <span class='ocrx_word' id='word_1_121' title='bbox 2364 1825 2599 1889; x_wconf 75' lang='lat' dir='ltr'>extant</span> 
     </span>
     <span class='ocr_line' id='line_1_16' title="bbox 372 1922 2599 2011; baseline 0 -21"><span class='ocrx_word' id='word_1_122' title='bbox 372 1926 444 1990; x_wconf 90' lang='lat' dir='ltr'>in</span> <span class='ocrx_word' id='word_1_123' title='bbox 499 1922 827 1990; x_wconf 82' lang='lat' dir='ltr'>MSSCC.</span> <span class='ocrx_word' id='word_1_124' title='bbox 872 1924 946 1988; x_wconf 91' lang='grc' dir='ltr'>ιιι</span> <span class='ocrx_word' id='word_1_125' title='bbox 992 1923 1268 1991; x_wconf 88' lang='lat' dir='ltr'>dubium</span> <span class='ocrx_word' id='word_1_126' title='bbox 1302 1930 1370 1990; x_wconf 87' lang='lat' dir='ltr'>et</span> <span class='ocrx_word' id='word_1_127' title='bbox 1411 1925 1483 1990; x_wconf 89' lang='lat' dir='ltr'>in</span> <span class='ocrx_word' id='word_1_128' title='bbox 1533 1944 1824 1991; x_wconf 86' lang='lat' dir='ltr'>errorem</span> <span class='ocrx_word' id='word_1_129' title='bbox 1869 1924 2068 1991; x_wconf 89' lang='lat' dir='ltr'>simul</span> <span class='ocrx_word' id='word_1_130' title='bbox 2113 1924 2396 2011; x_wconf 85' lang='lat' dir='ltr'>conjecti</span> <span class='ocrx_word' id='word_1_131' title='bbox 2440 1929 2599 1992; x_wconf 85' lang='lat' dir='ltr'>sunt</span> 
     </span>
     <span class='ocr_line' id='line_1_17' title="bbox 377 2024 2599 2114; baseline 0 -21"><span class='ocrx_word' id='word_1_132' title='bbox 377 2027 776 2114; x_wconf 84' lang='lat' dir='ltr'><strong>quicumque</strong></span> <span class='ocrx_word' id='word_1_133' title='bbox 805 2026 890 2092; x_wconf 91' lang='lat' dir='ltr'>de</span> <span class='ocrx_word' id='word_1_134' title='bbox 916 2026 1152 2092; x_wconf 88' lang='lat' dir='ltr'>horum</span> <span class='ocrx_word' id='word_1_135' title='bbox 1178 2026 1497 2094; x_wconf 87' lang='lat' dir='ltr'>librorum</span> <span class='ocrx_word' id='word_1_136' title='bbox 1523 2024 1821 2094; x_wconf 83' lang='lat' dir='ltr'>Auctore</span> <span class='ocrx_word' id='word_1_137' title='bbox 1849 2026 2255 2105; x_wconf 80' lang='lat' dir='ltr'>dubitarunt,</span> <span class='ocrx_word' id='word_1_138' title='bbox 2293 2032 2368 2094; x_wconf 86' lang='lat' dir='ltr'>et</span> <span class='ocrx_word' id='word_1_139' title='bbox 2395 2024 2599 2094; x_wconf 83' lang='lat' dir='ltr'>Celso</span> 
     </span>
     <span class='ocr_line' id='line_1_18' title="bbox 378 2124 2604 2216; baseline -0 -20"><span class='ocrx_word' id='word_1_140' title='bbox 378 2148 582 2215; x_wconf 88' lang='lat' dir='ltr'>quam</span> <span class='ocrx_word' id='word_1_141' title='bbox 610 2129 867 2196; x_wconf 73' lang='lat' dir='ltr'>Caesari</span> <span class='ocrx_word' id='word_1_142' title='bbox 911 2124 1297 2216; x_wconf 80' lang='lat' dir='ltr'>adjudicare</span> <span class='ocrx_word' id='word_1_143' title='bbox 1338 2131 1743 2213; x_wconf 86' lang='lat' dir='ltr'>maluerunt;</span> <span class='ocrx_word' id='word_1_144' title='bbox 1786 2151 1943 2197; x_wconf 90' lang='lat' dir='ltr'>cum</span> <span class='ocrx_word' id='word_1_145' title='bbox 1974 2135 2197 2197; x_wconf 87' lang='lat' dir='ltr'>tamen</span> <span class='ocrx_word' id='word_1_146' title='bbox 2222 2149 2360 2196; x_wconf 87' lang='lat' dir='ltr'>non</span> <span class='ocrx_word' id='word_1_147' title='bbox 2387 2130 2604 2214; x_wconf 75' lang='lat' dir='ltr'>magis</span> 
     </span>
     <span class='ocr_line' id='line_1_19' title="bbox 376 2230 2604 2318; baseline 0 -21"><span class='ocrx_word' id='word_1_148' title='bbox 376 2251 531 2297; x_wconf 81' lang='lat' dir='ltr'>esse</span> <span class='ocrx_word' id='word_1_149' title='bbox 582 2232 768 2299; x_wconf 84' lang='lat' dir='ltr'>Celsi</span> <span class='ocrx_word' id='word_1_150' title='bbox 818 2251 1023 2318; x_wconf 85' lang='lat' dir='ltr'>quam</span> <span class='ocrx_word' id='word_1_151' title='bbox 1077 2232 1259 2298; x_wconf 88' lang='lat' dir='ltr'>illius</span> <span class='ocrx_word' id='word_1_152' title='bbox 1327 2231 1552 2299; x_wconf 78' lang='lat' dir='ltr'>Flavii</span> <span class='ocrx_word' id='word_1_153' title='bbox 1605 2232 1856 2298; x_wconf 86' lang='lat' dir='ltr'>Licerii</span> <span class='ocrx_word' id='word_1_154' title='bbox 1923 2231 2199 2298; x_wconf 73' lang='lat' dir='ltr'>Fir-mini</span> <span class='ocrx_word' id='word_1_155' title='bbox 2264 2230 2604 2315; x_wconf 84' lang='lat' dir='ltr'>Lupicini,</span> 
     </span>
     <span class='ocr_line' id='line_1_20' title="bbox 378 2331 2605 2421; baseline -0.001 -20"><span class='ocrx_word' id='word_1_156' title='bbox 378 2335 686 2421; x_wconf 88' lang='lat' dir='ltr'>quisquis</span> <span class='ocrx_word' id='word_1_157' title='bbox 753 2333 869 2399; x_wconf 89' lang='lat' dir='ltr'>ille</span> <span class='ocrx_word' id='word_1_158' title='bbox 935 2333 1158 2411; x_wconf 85' lang='lat' dir='ltr'>fuerit,</span> <span class='ocrx_word' id='word_1_159' title='bbox 1223 2333 1529 2419; x_wconf 83' lang='lat' dir='ltr'>judicare</span> <span class='ocrx_word' id='word_1_160' title='bbox 1598 2333 2004 2399; x_wconf 76' lang='lat' dir='ltr'>debuissent.</span> <span class='ocrx_word' id='word_1_161' title='bbox 2135 2331 2394 2398; x_wconf 84' lang='lat' dir='ltr'>Eodem</span> <span class='ocrx_word' id='word_1_162' title='bbox 2463 2332 2605 2399; x_wconf 75' lang='lat' dir='ltr'>sato</span> 
     </span>
     <span class='ocr_line' id='line_1_21' title="bbox 382 2433 2610 2520; baseline 0 -17"><span class='ocrx_word' id='word_1_163' title='bbox 382 2437 737 2504; x_wconf 87' lang='lat' dir='ltr'>damnatus</span> <span class='ocrx_word' id='word_1_164' title='bbox 786 2441 890 2503; x_wconf 85' lang='lat' dir='ltr'>est</span> <span class='ocrx_word' id='word_1_165' title='bbox 930 2436 1199 2520; x_wconf 81' lang='lat' dir='ltr'>elegans</span> <span class='ocrx_word' id='word_1_166' title='bbox 1247 2436 1364 2502; x_wconf 89' lang='lat' dir='ltr'>ille</span> <span class='ocrx_word' id='word_1_167' title='bbox 1417 2435 1585 2501; x_wconf 89' lang='lat' dir='ltr'>liber</span> <span class='ocrx_word' id='word_1_168' title='bbox 1636 2433 1926 2502; x_wconf 88' lang='lat' dir='ltr'>Cornelii</span> <span class='ocrx_word' id='word_1_169' title='bbox 1976 2434 2274 2520; x_wconf 84' lang='lat' dir='ltr'>Nepotis</span> <span class='ocrx_word' id='word_1_170' title='bbox 2328 2433 2413 2500; x_wconf 91' lang='lat' dir='ltr'>de</span> <span class='ocrx_word' id='word_1_171' title='bbox 2467 2435 2610 2504; x_wconf 85' lang='lat' dir='ltr'>vita</span> 
     </span>
     <span class='ocr_line' id='line_1_22' title="bbox 320 2536 2608 2625; baseline -0.003 -18"><span class='ocrx_word' id='word_1_172' title='bbox 320 2550 327 2556; x_wconf 86' lang='lat'>&#39;</span> <span class='ocrx_word' id='word_1_173' title='bbox 379 2540 850 2607; x_wconf 85' lang='lat' dir='ltr'>excellentium</span> <span class='ocrx_word' id='word_1_174' title='bbox 878 2538 1385 2625; x_wconf 77' lang='lat' dir='ltr'>Imperatorum,</span> <span class='ocrx_word' id='word_1_175' title='bbox 1432 2537 1551 2623; x_wconf 88' lang='lat' dir='ltr'>qui</span> <span class='ocrx_word' id='word_1_176' title='bbox 1602 2537 1883 2604; x_wconf 86' lang='lat' dir='ltr'>AEmilio</span> <span class='ocrx_word' id='word_1_177' title='bbox 1932 2536 2164 2603; x_wconf 85' lang='lat' dir='ltr'>Probo</span> <span class='ocrx_word' id='word_1_178' title='bbox 2208 2537 2608 2624; x_wconf 80' lang='lat' dir='ltr'>exscriptori</span> 
     </span>
     <span class='ocr_line' id='line_1_23' title="bbox 376 2640 2603 2728; baseline -0.001 -17"><span class='ocrx_word' id='word_1_179' title='bbox 376 2644 607 2728; x_wconf 86' lang='lat' dir='ltr'>potius</span> <span class='ocrx_word' id='word_1_180' title='bbox 677 2663 878 2728; x_wconf 88' lang='lat' dir='ltr'>quam</span> <span class='ocrx_word' id='word_1_181' title='bbox 944 2640 1226 2708; x_wconf 85' lang='lat' dir='ltr'>Auctori</span> <span class='ocrx_word' id='word_1_182' title='bbox 1284 2641 1373 2706; x_wconf 91' lang='lat' dir='ltr'>ab</span> <span class='ocrx_word' id='word_1_183' title='bbox 1428 2640 1758 2727; x_wconf 90' lang='lat' dir='ltr'>imperitis</span> <span class='ocrx_word' id='word_1_184' title='bbox 1831 2642 2163 2727; x_wconf 85' lang='lat' dir='ltr'>ascriptus</span> <span class='ocrx_word' id='word_1_185' title='bbox 2230 2646 2372 2724; x_wconf 80' lang='lat' dir='ltr'>est3</span> <span class='ocrx_word' id='word_1_186' title='bbox 2445 2661 2603 2708; x_wconf 92' lang='lat' dir='ltr'>cum</span> 
     </span>
     <span class='ocr_line' id='line_1_24' title="bbox 383 2742 2607 2829; baseline 0 -19"><span class='ocrx_word' id='word_1_187' title='bbox 383 2742 648 2812; x_wconf 85' lang='lat' dir='ltr'>Probus</span> <span class='ocrx_word' id='word_1_188' title='bbox 695 2745 1066 2820; x_wconf 85' lang='lat' dir='ltr'>Theodosii</span> <span class='ocrx_word' id='word_1_189' title='bbox 1110 2749 1338 2824; x_wconf 71' lang='lat' dir='ltr'>aetate,</span> <span class='ocrx_word' id='word_1_190' title='bbox 1406 2764 1543 2829; x_wconf 88' lang='lat' dir='ltr'>qna</span> <span class='ocrx_word' id='word_1_191' title='bbox 1594 2746 1777 2810; x_wconf 88' lang='lat' dir='ltr'>bona</span> <span class='ocrx_word' id='word_1_192' title='bbox 1832 2744 2158 2811; x_wconf 85' lang='lat' dir='ltr'>Latinitas</span> <span class='ocrx_word' id='word_1_193' title='bbox 2202 2745 2607 2823; x_wconf 80' lang='lat' dir='ltr'>exoleverat,</span> 
     </span>
     <span class='ocr_line' id='line_1_25' title="bbox 368 2845 2610 2934; baseline 0 -21"><span class='ocrx_word' id='word_1_194' title='bbox 368 2846 738 2915; x_wconf 52' lang='lat' dir='ltr'>‘Cornelius</span> <span class='ocrx_word' id='word_1_195' title='bbox 760 2848 1030 2934; x_wconf 67' lang='lat' dir='ltr'>,Nepos</span> <span class='ocrx_word' id='word_1_196' title='bbox 1081 2845 1423 2914; x_wconf 81' lang='lat' dir='ltr'>Ciceronis</span> <span class='ocrx_word' id='word_1_197' title='bbox 1474 2853 1672 2914; x_wconf 80' lang='lat' dir='ltr'>aetate</span> <span class='ocrx_word' id='word_1_198' title='bbox 1699 2847 1962 2914; x_wconf 81' lang='lat' dir='ltr'>vixerit.</span> <span class='ocrx_word' id='word_1_199' title='bbox 2063 2846 2176 2913; x_wconf 82' lang='lat' dir='ltr'>Ita</span> <span class='ocrx_word' id='word_1_200' title='bbox 2219 2845 2447 2914; x_wconf 91' lang='lat' dir='ltr'>Probo</span> <span class='ocrx_word' id='word_1_201' title='bbox 2493 2867 2610 2914; x_wconf 89' lang='lat' dir='ltr'>co-</span> 
     </span>
     <span class='ocr_line' id='line_1_26' title="bbox 385 2948 2612 3037; baseline -0.001 -19"><span class='ocrx_word' id='word_1_202' title='bbox 385 2970 613 3018; x_wconf 72' lang='lat' dir='ltr'>aevum</span> <span class='ocrx_word' id='word_1_203' title='bbox 652 2951 828 3018; x_wconf 90' lang='lat' dir='ltr'>hunc</span> <span class='ocrx_word' id='word_1_204' title='bbox 873 2950 920 3017; x_wconf 81' lang='lat' dir='ltr'><strong>J</strong></span> <span class='ocrx_word' id='word_1_205' title='bbox 921 2953 1130 3017; x_wconf 92' lang='lat' dir='ltr'>ulium</span> <span class='ocrx_word' id='word_1_206' title='bbox 1176 2948 1449 3017; x_wconf 81' lang='lat' dir='ltr'>Celsum</span> <span class='ocrx_word' id='word_1_207' title='bbox 1476 2948 2005 3031; x_wconf 83' lang='lat' dir='ltr'>Constantinum,</span> <span class='ocrx_word' id='word_1_208' title='bbox 2052 2951 2170 3035; x_wconf 90' lang='lat' dir='ltr'>qui</span> <span class='ocrx_word' id='word_1_209' title='bbox 2214 2951 2285 3017; x_wconf 91' lang='lat' dir='ltr'>in</span> <span class='ocrx_word' id='word_1_210' title='bbox 2319 2949 2612 3037; x_wconf 84' lang='lat' dir='ltr'>quodam</span> 
     </span>
     <span class='ocr_line' id='line_1_27' title="bbox 387 3050 2613 3139; baseline -0 -21"><span class='ocrx_word' id='word_1_211' title='bbox 387 3050 625 3119; x_wconf 69' lang='lat' dir='ltr'>laevini</span> <span class='ocrx_word' id='word_1_212' title='bbox 688 3052 1021 3119; x_wconf 73' lang='lat' dir='ltr'>Tor-rentii</span> <span class='ocrx_word' id='word_1_213' title='bbox 1076 3052 1293 3119; x_wconf 79' lang='lat' dir='ltr'>Msc.</span> <span class='ocrx_word' id='word_1_214' title='bbox 1345 3051 2114 3139; x_wconf 75' lang='lat' dir='ltr'>constantinopolitanus</span> <span class='ocrx_word' id='word_1_215' title='bbox 2168 3071 2321 3119; x_wconf 81' lang='lat' dir='ltr'>esse</span> <span class='ocrx_word' id='word_1_216' title='bbox 2377 3050 2613 3118; x_wconf 70' lang='lat' dir='ltr'>scribir</span> 
     </span>
     <span class='ocr_line' id='line_1_28' title="bbox 387 3151 2615 3244; baseline -0.002 -23"><span class='ocrx_word' id='word_1_217' title='bbox 387 3159 517 3234; x_wconf 82' lang='lat' dir='ltr'>tur,</span> <span class='ocrx_word' id='word_1_218' title='bbox 587 3154 800 3221; x_wconf 85' lang='lat' dir='ltr'>fuisse</span> <span class='ocrx_word' id='word_1_219' title='bbox 858 3154 1100 3244; x_wconf 85' lang='lat' dir='ltr'>credo;</span> <span class='ocrx_word' id='word_1_220' title='bbox 1172 3160 1239 3221; x_wconf 89' lang='lat' dir='ltr'>et</span> <span class='ocrx_word' id='word_1_221' title='bbox 1314 3154 1639 3241; x_wconf 87' lang='lat' dir='ltr'>ejusmodi</span> <span class='ocrx_word' id='word_1_222' title='bbox 1715 3155 2242 3220; x_wconf 84' lang='lat' dir='ltr'>clarissimorum</span> <span class='ocrx_word' id='word_1_223' title='bbox 2297 3151 2615 3218; x_wconf 87' lang='lat' dir='ltr'>Virorum</span> 
     </span>
     <span class='ocr_line' id='line_1_29' title="bbox 386 3252 2615 3354; baseline -0.002 -33"><span class='ocrx_word' id='word_1_224' title='bbox 386 3255 694 3322; x_wconf 87' lang='lat' dir='ltr'>lectionis</span> <span class='ocrx_word' id='word_1_225' title='bbox 746 3257 1196 3354; x_wconf 80' lang='lat' dir='ltr'>testimonium</span> <span class='ocrx_word' id='word_1_226' title='bbox 1240 3257 1428 3323; x_wconf 87' lang='lat' dir='ltr'>libris</span> <span class='ocrx_word' id='word_1_227' title='bbox 1491 3256 1743 3324; x_wconf 85' lang='lat' dir='ltr'>ascribi</span> <span class='ocrx_word' id='word_1_228' title='bbox 1786 3257 2081 3338; x_wconf 88' lang='lat' dir='ltr'>solitum,</span> <span class='ocrx_word' id='word_1_229' title='bbox 2134 3260 2210 3321; x_wconf 89' lang='lat' dir='ltr'>ut</span> <span class='ocrx_word' id='word_1_230' title='bbox 2263 3253 2431 3320; x_wconf 83' lang='lat' dir='ltr'>fides</span> <span class='ocrx_word' id='word_1_231' title='bbox 2476 3252 2615 3317; x_wconf 89' lang='lat' dir='ltr'>lec-</span> 
     </span>
    </p>
   </div>
   <div class='ocr_carea' id='block_1_3' title="bbox 183 3329 2619 3443">
    <p class='ocr_par' dir='ltr' id='par_1_5' title="bbox 183 3329 2619 3443">
     <span class='ocr_line' id='line_1_30' title="bbox 183 3329 2619 3443; baseline -0.002 -19"><span class='ocrx_word' id='word_1_232' title='bbox 183 3329 191 3335; x_wconf 29' lang='lat'><strong>·</strong></span> <span class='ocrx_word' id='word_1_233' title='bbox 240 3369 249 3373; x_wconf 68' lang='lat'><strong><em>‘</em></strong></span> <span class='ocrx_word' id='word_1_234' title='bbox 390 3357 651 3424; x_wconf 87' lang='lat' dir='ltr'>toribus</span> <span class='ocrx_word' id='word_1_235' title='bbox 695 3358 902 3438; x_wconf 87' lang='lat' dir='ltr'>fieret,</span> <span class='ocrx_word' id='word_1_236' title='bbox 964 3375 1098 3425; x_wconf 89' lang='lat' dir='ltr'>non</span> <span class='ocrx_word' id='word_1_237' title='bbox 1160 3359 1553 3426; x_wconf 89' lang='lat' dir='ltr'>mendosum</span> <span class='ocrx_word' id='word_1_238' title='bbox 1597 3379 1751 3425; x_wconf 84' lang='lat' dir='ltr'>esse</span> <span class='ocrx_word' id='word_1_239' title='bbox 1798 3359 2102 3426; x_wconf 87' lang='lat' dir='ltr'>codicem</span> <span class='ocrx_word' id='word_1_240' title='bbox 2154 3357 2276 3443; x_wconf 90' lang='lat' dir='ltr'>qui</span> <span class='ocrx_word' id='word_1_241' title='bbox 2339 3376 2385 3421; x_wconf 88' lang='lat' dir='ltr'>a</span> <span class='ocrx_word' id='word_1_242' title='bbox 2426 3357 2619 3421; x_wconf 79' lang='lat' dir='ltr'>tanto</span> 
     </span>
    </p>
   </div>
   <div class='ocr_carea' id='block_1_4' title="bbox 390 3453 2630 4158">
    <p class='ocr_par' dir='ltr' id='par_1_6' title="bbox 390 3453 2630 4158">
     <span class='ocr_line' id='line_1_31' title="bbox 391 3453 2619 3550; baseline -0.002 -24"><span class='ocrx_word' id='word_1_243' title='bbox 391 3461 540 3526; x_wconf 79' lang='lat' dir='ltr'>viro</span> <span class='ocrx_word' id='word_1_244' title='bbox 595 3459 833 3525; x_wconf 86' lang='lat' dir='ltr'>fuisset</span> <span class='ocrx_word' id='word_1_245' title='bbox 882 3461 1241 3550; x_wconf 85' lang='lat' dir='ltr'>perlectus.</span> <span class='ocrx_word' id='word_1_246' title='bbox 1351 3460 1558 3541; x_wconf 82' lang='lat' dir='ltr'>Quod</span> <span class='ocrx_word' id='word_1_247' title='bbox 1611 3460 1766 3527; x_wconf 90' lang='lat' dir='ltr'>ideo</span> <span class='ocrx_word' id='word_1_248' title='bbox 1821 3460 2050 3541; x_wconf 84' lang='lat' dir='ltr'>fiebat,</span> <span class='ocrx_word' id='word_1_249' title='bbox 2112 3460 2276 3546; x_wconf 88' lang='lat' dir='ltr'>quia</span> <span class='ocrx_word' id='word_1_250' title='bbox 2331 3453 2619 3524; x_wconf 83' lang='lat' dir='ltr'>Librarii</span> 
     </span>
     <span class='ocr_line' id='line_1_32' title="bbox 392 3556 2620 3651; baseline -0.003 -23"><span class='ocrx_word' id='word_1_251' title='bbox 392 3563 608 3646; x_wconf 81' lang='lat' dir='ltr'>ignari</span> <span class='ocrx_word' id='word_1_252' title='bbox 661 3560 874 3642; x_wconf 87' lang='lat' dir='ltr'>erant,</span> <span class='ocrx_word' id='word_1_253' title='bbox 937 3569 1008 3630; x_wconf 91' lang='lat' dir='ltr'>et</span> <span class='ocrx_word' id='word_1_254' title='bbox 1061 3563 1224 3649; x_wconf 85' lang='lat' dir='ltr'>quia</span> <span class='ocrx_word' id='word_1_255' title='bbox 1262 3564 1507 3651; x_wconf 79' lang='lat' dir='ltr'>ignari,</span> <span class='ocrx_word' id='word_1_256' title='bbox 1573 3562 1727 3628; x_wconf 92' lang='lat' dir='ltr'>ideo</span> <span class='ocrx_word' id='word_1_257' title='bbox 1773 3562 2079 3629; x_wconf 89' lang='lat' dir='ltr'>mendosi</span> <span class='ocrx_word' id='word_1_258' title='bbox 2120 3561 2435 3646; x_wconf 85' lang='lat' dir='ltr'>nullaque</span> <span class='ocrx_word' id='word_1_259' title='bbox 2487 3556 2620 3622; x_wconf 86' lang='lat' dir='ltr'>fide</span> 
     </span>
     <span class='ocr_line' id='line_1_33' title="bbox 390 3663 2622 3752; baseline -0.002 -23"><span class='ocrx_word' id='word_1_260' title='bbox 390 3663 598 3752; x_wconf 89' lang='lat' dir='ltr'>digni,</span> <span class='ocrx_word' id='word_1_261' title='bbox 643 3685 926 3750; x_wconf 89' lang='lat' dir='ltr'>quorum</span> <span class='ocrx_word' id='word_1_262' title='bbox 965 3665 1314 3752; x_wconf 79' lang='lat' dir='ltr'>scriptioni</span> <span class='ocrx_word' id='word_1_263' title='bbox 1351 3665 1483 3730; x_wconf 88' lang='lat' dir='ltr'>nisi</span> <span class='ocrx_word' id='word_1_264' title='bbox 1525 3666 1745 3750; x_wconf 85' lang='lat' dir='ltr'>magni</span> <span class='ocrx_word' id='word_1_265' title='bbox 1783 3670 1854 3731; x_wconf 89' lang='lat' dir='ltr'>et</span> <span class='ocrx_word' id='word_1_266' title='bbox 1895 3664 2078 3734; x_wconf 90' lang='lat' dir='ltr'>docti</span> <span class='ocrx_word' id='word_1_267' title='bbox 2129 3664 2252 3731; x_wconf 86' lang='lat' dir='ltr'>viri</span> <span class='ocrx_word' id='word_1_268' title='bbox 2305 3669 2622 3748; x_wconf 79' lang='lat' dir='ltr'>tanquam</span> 
     </span>
     <span class='ocr_line' id='line_1_34' title="bbox 396 3762 2626 3845; baseline -0.002 -14"><span class='ocrx_word' id='word_1_269' title='bbox 396 3768 773 3834; x_wconf 87' lang='lat' dir='ltr'>tabellionis</span> <span class='ocrx_word' id='word_1_270' title='bbox 831 3767 1055 3834; x_wconf 91' lang='lat' dir='ltr'>officio</span> <span class='ocrx_word' id='word_1_271' title='bbox 1125 3767 1338 3834; x_wconf 83' lang='lat' dir='ltr'>suncti</span> <span class='ocrx_word' id='word_1_272' title='bbox 1393 3767 1795 3834; x_wconf 83' lang='lat' dir='ltr'>accessisset</span> <span class='ocrx_word' id='word_1_273' title='bbox 1849 3768 2232 3845; x_wconf 86' lang='lat' dir='ltr'>auctoritas,</span> <span class='ocrx_word' id='word_1_274' title='bbox 2301 3763 2481 3832; x_wconf 90' lang='lat' dir='ltr'>nullo</span> <span class='ocrx_word' id='word_1_275' title='bbox 2550 3762 2626 3828; x_wconf 88' lang='lat' dir='ltr'>in</span> 
     </span>
     <span class='ocr_line' id='line_1_35' title="bbox 396 3865 2625 3953; baseline -0.001 -20"><span class='ocrx_word' id='word_1_276' title='bbox 396 3870 611 3952; x_wconf 89' lang='lat' dir='ltr'>pretio</span> <span class='ocrx_word' id='word_1_277' title='bbox 650 3869 782 3935; x_wconf 85' lang='lat' dir='ltr'>fuit</span> <span class='ocrx_word' id='word_1_278' title='bbox 823 3869 1043 3936; x_wconf 86' lang='lat' dir='ltr'>codex</span> <span class='ocrx_word' id='word_1_279' title='bbox 1084 3869 1362 3936; x_wconf 88' lang='lat' dir='ltr'>futurus.</span> <span class='ocrx_word' id='word_1_280' title='bbox 1450 3868 1565 3935; x_wconf 88' lang='lat' dir='ltr'>lta</span> <span class='ocrx_word' id='word_1_281' title='bbox 1611 3870 1947 3953; x_wconf 88' lang='lat' dir='ltr'>superiore</span> <span class='ocrx_word' id='word_1_282' title='bbox 1993 3869 2271 3946; x_wconf 76' lang='lat' dir='ltr'>saeculo,</span> <span class='ocrx_word' id='word_1_283' title='bbox 2318 3886 2473 3932; x_wconf 91' lang='lat' dir='ltr'>cum</span> <span class='ocrx_word' id='word_1_284' title='bbox 2526 3865 2625 3931; x_wconf 93' lang='lat' dir='ltr'>in-</span> 
     </span>
     <span class='ocr_line' id='line_1_36' title="bbox 399 3967 2630 4057; baseline -0 -23"><span class='ocrx_word' id='word_1_285' title='bbox 399 3975 601 4035; x_wconf 79' lang='lat' dir='ltr'>venta</span> <span class='ocrx_word' id='word_1_286' title='bbox 671 3968 911 4038; x_wconf 75' lang='lat' dir='ltr'>fuisset</span> <span class='ocrx_word' id='word_1_287' title='bbox 983 3991 1092 4038; x_wconf 86' lang='lat' dir='ltr'>ars</span> <span class='ocrx_word' id='word_1_288' title='bbox 1173 3969 1717 4057; x_wconf 81' lang='lat' dir='ltr'>Typographica‚</span> <span class='ocrx_word' id='word_1_289' title='bbox 1790 3969 2197 4037; x_wconf 77' lang='lat' dir='ltr'>doctissimis</span> <span class='ocrx_word' id='word_1_290' title='bbox 2267 3968 2429 4035; x_wconf 85' lang='lat' dir='ltr'>viris</span> <span class='ocrx_word' id='word_1_291' title='bbox 2499 3967 2630 4034; x_wconf 87' lang='lat' dir='ltr'>fuit</span> 
     </span>
     <span class='ocr_line' id='line_1_37' title="bbox 403 4069 2629 4158; baseline -0 -22"><span class='ocrx_word' id='word_1_292' title='bbox 403 4071 805 4152; x_wconf 66' lang='lat' dir='ltr'>commissa,</span> <span class='ocrx_word' id='word_1_293' title='bbox 854 4079 932 4140; x_wconf 89' lang='lat' dir='ltr'>ut</span> <span class='ocrx_word' id='word_1_294' title='bbox 983 4072 1030 4139; x_wconf 82' lang='lat' dir='ltr'><strong>J</strong></span> <span class='ocrx_word' id='word_1_295' title='bbox 1033 4072 1255 4141; x_wconf 87' lang='lat' dir='ltr'>udoco</span> <span class='ocrx_word' id='word_1_296' title='bbox 1313 4073 1534 4142; x_wconf 84' lang='lat' dir='ltr'>Badio</span> <span class='ocrx_word' id='word_1_297' title='bbox 1595 4071 1952 4153; x_wconf 85' lang='lat' dir='ltr'>Ascensio,</span> <span class='ocrx_word' id='word_1_298' title='bbox 2017 4069 2375 4157; x_wconf 84' lang='lat' dir='ltr'>Stephanis</span> <span class='ocrx_word' id='word_1_299' title='bbox 2431 4077 2629 4158; x_wconf 83' lang='lat' dir='ltr'>atque</span> 
     </span>
    </p>
   </div>
  </div>
 </body>
</html>
