3017 4950
633 387 731 439 nn
785 385 1024 440 nunno
1070 387 1395 439 eAmeo
1444 387 1591 438 mn.
1623 389 1790 441 vm.
1836 389 1998 441 oAP.
2026 375 2137 443 33.
2350 379 2480 447 371
2574 445 2583 450 t

287 535 658 619 Oarnutum,
690 539 998 605 adventu·
1022 539 1236 605 Fabii'
1261 540 1715 626 legionumque
1757 541 2085 626 imperata
2125 542 2268 612 sine
2293 564 2482 612 mora

282 641 545 736 faciunt.
621 642 1032 722 Dumnacus,
1065 644 1205 708 suis
1233 642 1477 708 finibus
1503 643 1848 729 expulsuS,
1895 664 2140 726 errans,
2181 648 2480 716 latitans·

283 765 427 831 que,
455 748 638 812 solus
665 752 991 813 extremas
1020 745 1266 813 Galliae
1295 749 1595 829 regiones
1622 753 1843 832 petere
1871 753 1998 813 est¹
2031 756 2332 817 coactus.
2384 795 2391 806 ι

358 851 463 916 32.
507 848 603 916 At
644 852 977 936 Drappes,
1016 871 1280 935 unaque
1326 851 1703 931 LucteriUS,
1747 867 1901 917 cum
1940 854 2232 937 legiones
2279 851 2481 921 Cani·

279 955 581 1040 niumque
627 955 891 1021 adessey
927 961 1420 1039 cognoscerent,
1449 976 1569 1020 nec
1617 964 1713 1022 se⁸
1755 959 1895 1021 sine
1941 963 2118 1022 certa
2158 961 2478 1042 pernicie,

278 1063 728 1143 persequente¹¹
744 1060 1061 1137 exercitu,
1080 1065 1387 1144 putarent
1408 1057 1788 1144 Provinciae
1807 1060 1970 1124 fines
1987 1061 2229 1125 intrare
2245 1082 2442 1146 posse
2456 1083 2479 1143 ;

275 1179 390 1225 nec
457 1160 604 1245 jam
678 1162 955 1227 liberam
1014 1161 1300 1244 vagandi
1355 1160 1976 1246 latrociniorumque
2006 1161 2478 1229 -faciendorum
2564 1211 2573 1224 .

273 1264 648 1329 facultatem
674 1266 1012 1343 haberent,
1045 1264 1416 1330 consistunt
1459 1264 1528 1328 in
1573 1265 1748 1347 agris
1778 1262 2253 1331 Cadurcorum.
2342 1266 2476 1346 Ibi,

274 1385 415 1439 oum
465 1366 813 1434 Lucterius
847 1367 1041 1452 ¹apud
1089 1386 1249 1432 suos
1294 1367 1499 1445 civeS,
1550 1367 1886 1451 quondam
1925 1367 2192 1450 integris
2231 1369 2481 1448 rebuS,²'

269 1470 535 1534 multum
564 1471 917 1553 potuisset,
956 1489 1344 1554 semperque
1393 1474 1625 1535 auctor
1669 1477 2014 1535 novorum⁰
2047 1471 2479 1537 consiliorum

265 1589 570 1653 magnam
650 1571 831 1657 apud
907 1573 1226 1638 barbaros
1284 1573 1743 1638 auctoritatem
1776 1570 2091 1649 haberet,
2151 1574 2477 1656 oppidum

268 1670 804 1754 Uxellodunum,‘¹
820 1675 877 1724 4⁸
910 1675 1089 1762 quod
1135 1676 1207 1739 in
1255 1675 1559 1740 clientela
1597 1674 1809 1739 fuerat
1856 1673 2023 1759 ejuS,
2070 1678 2308 1739 natura
2341 1678 2476 1742 loci

265 1779 509 1862 egregie
539 1780 880 1858 munitum,
911 1783 1202 1864 occupat
1228 1780 1369 1844 suis
1399 1784 1468 1844 et
1512 1777 1887 1861 Drappetis
1917 1779 2159 1861 copiiS,
2190 1779 2473 1863 oppida-

262 1896 507 1965 nosque
540 1882 670 1946 sibi
700 1881 1061 1967 conjungit.

263 1984 445 2049 *33
494 1983 654 2063 Quo
713 2005 865 2050 cum
910 1986 1255 2051 confestim
1309 1983 1389 2052 C.
1441 1927 1789 2052 Caninius‘
1825 1987 2141 2063 venisset,
2173 1988 2472 2052 animad-

262 2084 687 2172 verteretquef
710 2109 937 2154 omnes
982 2091 1217 2176 oppidi
1264 2096 1487 2175 partes
1535 2090 2080 2176 praeruptissimis
2107 2092 2295 2155 saxis
2323 2110 2472 2155 esse

258 2192 559 2269 munitas,
604 2201 790 2276 quo,⁸
846 2193 1230 2259 defendente
1272 2194 1477 2272 nullo,
1526 2199 1747 2257 tamen
1791 2193 2061 2257 armatis
2118 2192 2472 2257 ascendere

258 2299 430 2359 esset
496 2293 819 2376 difficile3
889 2314 1135 2379 magna
1191 2302 1415 2363 autem
1468 2294 1938 2380 impedimenta
1972 2294 2472 2380 ¹oppidanorum

256 2393 527 2476 videret,
590 2417 742 2482 quae
801 2399 860 2462 si
917 2398 1325 2464 clandestina
1379 2398 1540 2484 fuga
1609 2398 1988 2463 subtrahere
2047 2404 2467 2478 conarentur,

254 2498 534 2584 effugere
590 2521 724 2566 non
775 2502 974 2567 modo
1047 2504 1434 2588 equitatum,
1494 2502 1616 2567 sed
1693 2521 1777 2566 ne
1852 2501 2142 2583 legiones
2200 2501 2470 2586 quidem

254 2610 545 2685 possent,
603 2606 932 2690 tripartito
992 2607 1371 2673 cohortibus
1429 2606 1685 2687 divisis,
1746 2606 1918 2672 trina
1980 2600 2467 2670 excelsissimoh

1179 2772 1503 2793 ‘mooe‘
1508 2773 1539 2792 O

253 2889 283 2914 v
315 2885 587 2950 Oceanoque
612 2885 716 2936 ΟΧ.
739 2887 964 2936 convictoe
985 2886 1054 2938 G.
1057 2894 1148 2923 —1
1180 2887 1269 2938 Sic
1304 2889 1435 2938 Μαι.
1471 2893 1528 2939 et
1561 2887 1694 2941 Edd.
1724 2888 1874 2940 Vett.
1897 2901 2001 2937 non
2022 2902 2065 2937 c.
2085 2892 2173 2937 est.
2205 2891 2278 2936 est
2299 2891 2468 2940 cantas

254 2947 345 2998 Ed.
368 2950 479 3000 Inc.
482 2957 572 2994 —5
607 2967 637 3000 a
669 2966 717 3001 se
749 2954 987 3001 recessisse
1017 2953 1138 3004 Pet.
1162 2955 1315 3004 male.
1316 2961 1402 2990 -z
1433 2954 1530 3003 uisi
1566 2946 1687 3003 Pet‘.
1710 2954 1786 3003 sin
1809 2953 1995 3003 deletis
2014 2967 2098 3001 nec
2117 2967 2168 3001 se
2189 2951 2248 3001 L.
2274 2957 2396 3002 tert.
2398 2980 2467 2990 --

248 3015 345 3063 *εἰ
384 3021 658 3079 sequeretur
684 3016 891 3068 Pet—¹³
925 3017 1076 3067 deest
1109 3017 1177 3070 G.
1211 3019 1279 3068 V.
1316 3024 1440 3071 tert.
1474 3018 1578 3069 Ed.
1616 3019 1821 3068 Inc.⁰—
1851 3022 1973 3069 esset
2002 3033 2051 3067 ιι.
2085 3017 2197 3081 Cuj.
2230 3017 2370 3066 Scal.
2412 3033 2464 3067 n.

250 3094 366 3131 cons.
387 3086 508 3131 esset
544 3082 605 3133 L.
638 3097 717 3146 pr.
759 3088 879 3132 esset
911 3098 1033 3133 cons.
1071 3083 1183 3133 sine
1218 3098 1323 3134 που.
1365 3085 1485 3134 Pet.
1523 3083 1627 3134 ΟΧ.
1664 3085 1817 3134 male.
1851 3098 2073 3133 novorum
2100 3083 2249 3132 abest
2274 3097 2305 3130 a
2328 3082 2466 3131 G.—-

250 3142 496 3196 ⁶Auxilio
522 3148 711 3197 demum
740 3149 853 3212 Cuj.
884 3148 1018 3199 Scal.
1043 3147 1123 3199 L.
1140 3163 1218 3213 pr.
1248 3149 1313 3198 B.
1351 3164 1432 3214 ρι’.
1467 3163 1574 3199 sec.
1612 3148 1674 3197 V.
1712 3164 1792 3213 pr.
1829 3164 1957 3197 am.
1991 3162 2070 3211 pr.
2094 3148 2161 3196 V.
2184 3161 2287 3196 sec.
2310 3148 2464 3209 Egm.

258 3208 415 3263 Velud.
436 3212 501 3263 V.
530 3227 608 3276 pr.
630 3226 748 3262 am.
775 3228 879 3264 sec.
911 3215 1081 3262 Velled.
1117 3194 1180 3264 L.
1192 3228 1319 3265 aec.
1358 3214 1451 3264 sed
1489 3216 1558 3263 V.
1594 3228 1641 3263 c.
1672 3217 1842 3263 40.—-0
1872 3213 2050 3262 Antan.
2077 3211 2199 3260 Pet.
2201 3209 2286 3246 —f
2314 3212 2463 3260 Bene

247 3277 421 3327 adven.
444 3279 504 3329 L.
529 3292 610 3342 pr.
634 3279 843 3328 animum
863 3281 1045 3328 adem.
1081 3279 1220 3329 And.
1257 3278 1362 3329 Ox.
1396 3279 1463 3331 V.
1494 3278 1561 3327 ad
1598 3293 1637 3327 ι.
1675 3282 1850 3328 24.-ε
1881 3279 2003 3340 quod
2023 3277 2151 3325 Mss.
2177 3275 2379 3339 plurimi
2406 3283 2462 3324 et

250 3339 341 3391 Ed.
365 3342 459 3392 Gr.
482 3344 549 3392 de
573 3358 734 3392 more.
759 3343 851 3393 sed
872 3344 1025 3394 aliter
1048 3344 1169 3394 Pet.
1191 3344 1306 3408 Cuj.
1331 3346 1412 3395 Sc.
1435 3345 1494 3393 L.
1522 3359 1601 3408 p.r
1619 3341 1763 3393 And.
1787 3343 1890 3393 Ox.
1911 3343 1978 3392 G.
1998 3343 2294 3404 Utrumque
2312 3340 2462 3389 bene.

246 3404 332 3442 -Β
360 3406 446 3458 Sic
472 3409 588 3473 Cuj.
619 3409 738 3460 Pet.
775 3408 914 3460 And.
957 3408 1059 3459 ΟΧ.
1097 3410 1484 3461 excellentissim
1523 3409 1585 3460 L.
1610 3424 1690 3474 pr.
1722 3409 1807 3458 Sc.
1843 3406 2047 3471 Reliqui
2079 3420 2196 3455 cum
2219 3405 2319 3454 Ed.
2346 3405 2459 3455 lnc.

1234 3526 1285 3576 N
1291 3525 1449 3577 OTAE

248 3634 355 3684 quae
378 3621 655 3674 Britannia
685 3624 837 3676 hodie
857 3624 1070 3690 dicitur,
1092 3624 1182 3675 sed
1207 3625 1310 3674 Ba·
1391 3625 1764 3686 expugnatum.
1801 3618 1910 3670 Alii
1932 3622 2248 3683 putantesse
2264 3615 2462 3677 Cohors,

229 3697 460 3760 jocensis
504 3702 663 3752 etiam
704 3704 832 3767 agri,
874 3711 933 3753 ut
972 3719 1037 3754 ex
1076 3703 1307 3753 Ausonio
1390 3696 2096 3760 Cadurcorummetropolim.
2119 3693 2461 3744 SedDueoua

245 3783 420 3837 patere
445 3794 605 3842 supra
629 3780 959 3830 ostendimus.
1388 3775 1498 3825 sive
1522 3774 1731 3825 Divona
1753 3780 2056 3822 recensetur
2083 3771 2190 3821 sola
2210 3770 2335 3819 urbs
2360 3770 2456 3818 Ca-

222 3836 256 3883 ’·
302 3859 366 3905 48
410 3857 651 3939 Oppidum
692 3857 1057 3922 Uxellodunum]
1095 3856 1311 3906 Uxello-
1389 3854 1672 3903 durcorum
1708 3867 1740 3901 a
1781 3851 2081 3912 Ptolemaeo,
2119 3862 2234 3912 quae
2274 3844 2459 3894 debuit

243 3928 428 3983 dunum
462 3916 616 3983 aiunt
646 3949 756 3983 esse
780 3935 850 3984 Lo
866 3934 1019 3998 puech
1040 3932 1086 3983 α’
1096 3934 1307 3995 Ussetam
1373 3948 1502 3983 ⁴esse
1527 3929 1842 3995 metropolis.
1910 3929 2033 3978 Non
2051 3927 2185 3976 enim
2208 3925 2457 3974 minorem

243 4014 328 4059 aut
358 4010 406 4060 d’
417 4012 665 4074 Usroldzm,
703 4012 841 4076 apud
881 4011 1021 4077 quod
1056 4011 1306 4101 oppidum
1387 4010 1629 4074 aliquam,
1667 4007 1864 4056 indicta
1897 4004 2192 4067 metropoli,
2228 4001 2456 4051 nomina-

239 4087 399 4152 piulta
421 4089 748 4153 antiquitatis
771 4089 1023 4153 vestigia·
1011 4124 1025 4149 ,
1066 4089 1190 4153 quin
1215 4089 1308 4139 ibi·
1387 4087 1564 4136 visset.
1633 4083 1905 4145 Praeterea
1938 4095 2039 4129 non
2072 4079 2280 4129 videtur
2313 4092 2454 4129 suam

242 4162 353 4214 dem
376 4171 431 4216 et
453 4167 761 4218 numismata
795 4170 1028 4218 Romana
1053 4165 1302 4217 effodiun-
1388 4160 1714 4225 metropolim
1773 4158 1827 4207 in
1888 4157 2130 4209 clientela
2188 4156 2454 4213 habiturus

241 4245 337 4292 tur.
404 4244 522 4294 Nec
557 4244 692 4296 latet
734 4247 951 4295 rusticos
991 4245 1131 4310 ipsos
1172 4244 1302 4294 indi·
1384 4240 1544 4292 fuisse
1567 4235 1826 4287 Later-ius.

243 4330 393 4379 genas
425 4321 528 4374 hoe
559 4322 809 4389 oppidum
841 4321 1000 4374 fuisse
1031 4326 1063 4372 a
1091 4321 1300 4373 Caesare
