3017 4950
557 408 645 489 20,

646 562 1029 655 Responsum
1081 565 1387 633 Casaris:

1169 422 1232 470 C.
1277 419 1337 470 J,
1386 419 1715 471 cAESAms
1767 419 2156 471 COMMENT-

1454 565 1807 657 indignatio
1859 563 2310 647 Helvetiorum,
2343 565 2563 652 petitis
2609 566 2777 639 οὔεί-,-

644 670 841 736 dibus.
925 672 1033 738 15.
1084 666 1271 734 Galli
1299 669 1529 757 equites
1560 669 1640 734 ab
1676 668 1987 737 Helvetiis
2026 668 2238 756 pulsi.-
2297 669 2419 734 iter
2444 670 2777 761 utriusque

1071 773 1354 839 16—18.

1053 873 1227 939 Lisci
1256 875 1586 940 excusatio.

642 774 956 839 exercitus.

626 877 962 983 principes.

639 985 751 1063 19,
781 982 891 1058 20,
938 977 1119 1044 venia
1147 977 1326 1055 data,
1342 964 1719 1063 deprecante
1735 962 1960 1060 fratre

1436 769 1703 841 Querela
1762 760 2045 838 Casaris
2080 770 2369 836 adversus
2417 770 2772 838 AEduorum

1662 873 1949 961 Perfidia
1967 873 2391 1057 Βαηιιηοςξίθ
2416 873 2634 954 AEdui,
2665 875 2777 940 cui

2394 974 2771 1062 Opportuna

639 1082 872 1148 occasio
943 1077 1268 1144 Helvetios
1322 1079 1709 1167 opprimendi
1757 1101 1960 1145 errore
2032 1078 2122 1143 Ρ.
2181 1077 2463 1144 Considii
2520 1081 2769 1144 omissa.

636 1183 921 1251 23—26.
991 1179 1215 1246 Clades
1277 1181 1709 1248 Helvetiorum
1735 1211 1755 1246 .-
1799 1180 2000 1269 suga.

2105 1184 2227 1262 ⁸27,
2276 1182 2385 1248 28.
2453 1178 2714 1245 Deditio
2740 1209 2763 1243 .·

627 1308 815 1374 poena
835 1286 1272 1374 profugorum.
1353 1283 1619 1350 Rediens
1644 1283 2070 1363 Heluetiorum
2110 1295 2168 1349 et
2197 1281 2495 1349 sociorum
2519 1284 2584 1347 in
2591 1283 2770 1381 fines

639 1411 797 1454 suos.

641 1495 866 1592 tiorum
897 1501 1063 1571 ante,
1108 1503 1165 1557 et
1193 1503 1330 1579 post
1362 1490 1606 1558 bellum.

885 1386 1189 1475 Boiorum
1220 1387 1539 1454 collocatio
1572 1388 1639 1452 in
1664 1386 1908 1454 AEduis.

2017 1389 2125 1453 29.
2178 1383 2490 1452 Numerus
2531 1384 2769 1455 Helve-

656 1694 661 1699 -
895 1645 1036 1711 ΙΙΙ.
1082 1645 1341 1709 Bellum
1369 1610 1715 1711 Ariovisti.

551 1763 719 1849 Cap.
768 1763 1051 1829 30—32.
1121 1760 1457 1845 Commune
1518 1759 1853 1853 Gallorum
1905 1762 2258 1855 concilium.
2356 1759 2634 1830 Quereloe
2679 1761 2761 1828 de

638 1862 980 1942 Ariovisto,
1015 1860 1472 1928 Germanorum
1524 1887 1683 1952 rege.

1805 1867 1914 1945 33,
1941 1868 2047 1933 34.
2098 1834 2490 1951 Colloquium
2529 1888 2568 1928 a
2623 1862 2761 1933 Coe-

634 1988 772 2030 sare
790 1966 1078 2049 petitum,
1099 1965 1468 2053 denegatum
1498 1990 1540 2030 a
1572 1988 1734 2054 rege.
1821 1971 1932 2050 35,
1963 1971 2071 2036 36.
2119 1965 2459 2032 Postulata
2496 1965 2761 2035 Caesaris

623 2088 746 2153 per
774 2066 1005 2154 legatos
1024 2093 1045 2130 .-

637 2168 1024 2235 Ariovistum
1045 2202 1064 2236 .-

1118 2091 1465 2154 responsum
1498 2069 1826 2146 Ariovisti·

1154 2184 1453 2257 occupata
1494 2171 1794 2238 Vesontio.

1912 2075 2023 2150 37,
2054 2072 2163 2137 38.
2212 2068 2346 2135 Iter
2380 2066 2645 2134 Caesaris
2673 2071 2765 2135 ad

1892 2175 2175 2263 39—‚4L
2226 2172 2458 2262 Ingens
2487 2172 2763 2260 trepida?

639 2271 729 2336 tio
756 2271 824 2336 in
855 2272 1069 2337 castris
1101 2271 1553 2363 Romanorum.
1649 2275 1874 2369 Oratio
1904 2272 2164 2370 Caesaris
2193 2275 2279 2341 ad
2305 2275 2530 2342 milites
2549 2303 2573 2345 .·
2616 2278 2759 2342 iter.

632 2377 914 2443 42—46.
967 2374 1359 2464 Colloquium
1396 2377 1657 2458 Caesaris
1702 2391 1763 2447 et
1792 2380 2104 2447 Ariovisti
2148 2380 2376 2466 impetu
2411 2379 2759 2455 Germanof

635 2500 775 2543 rum
803 2479 1151 2548 diremtum.

1254 2486 1364 2551 47.
1417 2483 1626 2565 Galli,
1685 2484 1882 2572 petito
1925 2507 2084 2551 novo
2125 2484 2425 2573 colloquio
2457 2484 2545 2549 ad
2565 2483 2761 2551 Ario-

1552 2671 1606 2721 N
1611 2671 1768 2723 0¹1⁸AE

547 2788 763 2854 domita,
784 2797 845 2842 ut
874 2791 952 2841 bis
988 2794 1383 2847 Commentariis
1414 2801 1617 2874 exposi-

546 2872 659 2917 tum
680 2875 779 2932 est,
798 2867 889 2918 sed
913 2870 1267 2934 superioribus
1291 2877 1631 2939 temporibus

546 2957 580 2991 a
603 2944 844 2995 Romanis
861 2958 961 2994 non
984 2950 1190 2996 tentata
1210 2948 1378 3014 modo,
1410 2951 1503 3001 sed
1528 2952 1612 3009 de-

543 3017 741 3072 bellata
773 3020 962 3072 fuerat.
1020 3025 1124 3084 ¹M.
1150 3026 1357 3082 Plautio
1380 3028 1612 3094 Hypsaeo

546 3101 605 3147 et
625 3097 704 3147 Μ.
725 3098 907 3148 Fulvio
925 3100 1069 3150 Coss.
1094 3116 1229 3153 anno
1253 3104 1320 3154 ab
1343 3106 1470 3156 urbe
1492 3123 1615 3158 con-

544 3171 654 3223 dita
696 3187 950 3225 mcxxix.
1007 3178 1229 3240 primum
1285 3195 1316 3230 a
1372 3181 1613 3237 Romanis

541 3253 688 3299 trans
712 3250 877 3316 Alpes
900 3251 1197 3305 dimicatum
1219 3254 1410 3308 fuerat.
1473 3258 1613 3311 Auc-

542 3330 686 3377 tores
708 3326 832 3377 belli
855 3328 1048 3392 Salyes,
1078 3347 1195 3381 cum
1219 3333 1285 3400 de
1309 3334 1611 3385 incursioni-

540 3401 640 3453 bus
658 3418 835 3454 corum
859 3404 1106 3455 fidissima
1124 3414 1281 3473 atque
1300 3411 1613 3462 amicissima

539 3477 727 3540 civitas
780 3482 1013 3532 Massilia
1053 3494 1379 3547 quereretur.
1466 3486 1611 3537 Allo-

540 3555 729 3620 broges
754 3557 940 3606 deinde
976 3568 1031 3606 et
1053 3557 1277 3610 Arverni
1317 3561 1457 3612 bello
1498 3570 1610 3613 ten-

542 3632 659 3694 tati,
690 3649 806 3684 cum
837 3634 1083 3684 adversus
1106 3651 1193 3686 eos
1216 3637 1404 3687 similes
1428 3639 1616 3689 AEduo-

543 3721 657 3757 rum
696 3711 923 3775 querelae
963 3721 1113 3774 opem
1147 3717 1203 3762 et
1242 3714 1487 3763 auxilium
1514 3716 1614 3763 Ro-

539 3798 809 3836 manorum
834 3785 1148 3852 flagitarent,
1170 3789 1324 3840 immo
1339 3798 1395 3840 et
1413 3791 1613 3841 domiti.

539 3860 804 3925 Ejusmodi
846 3864 1037 3914 bellum
1076 3880 1107 3914 a
1142 3866 1380 3931 principe
1419 3868 1612 3932 populo

541 3934 929 4005 Allobrogicum
975 3950 1073 4000 estv
1100 3942 1314 4006 dictum,
1357 3950 1411 3992 et
1455 3958 1611 3994 anno-

539 4025 655 4061 rum
692 4022 912 4079 quatuor
946 4018 1114 4080 spatio
1150 4015 1253 4066 fuit
1292 4017 1607 4069 confectum.

542 4086 712 4138 Quam
734 4092 864 4139 varii
888 4090 1087 4140 fuerint
1102 4091 1212 4155 ejus
1235 4091 1361 4142 belli
1378 4100 1610 4157 eventus,

539 4165 766 4213 testatur
788 4166 1020 4216 Velleius
1045 4165 1352 4215 Paterculus
1383 4166 1461 4217 his
1494 4183 1610 4218 ver·

538 4234 657 4287 bis:
711 4240 730 4268 ⁴
753 4240 950 4291 Gallias
994 4241 1213 4305 primum
1263 4243 1498 4294 Domitio
1533 4250 1611 4295 ·et

539 4310 708 4366 Fabio
729 4316 909 4383 nepoti
930 4316 1102 4385 Pauli,
1136 4318 1224 4386 qui
1245 4315 1612 4387 Allobrogicus

1697 2801 1991 2874 ¹appellatus
2014 2806 2114 2866 est,
2146 2802 2366 2852 intratas
2389 2813 2502 2850 cum
2527 2780 2763 2864 exercitu

1694 2891 1881 2943 magua
1901 2894 2021 2928 mox
2044 2878 2195 2928 clade
2218 2882 2395 2928 nostra
2429 2889 2570 2940 saepe
2599 2881 2655 2925 et
2688 2871 2763 2924 tf

1693 2951 2001 3012 sectavimus
2042 2960 2098 3004 et
2133 2953 2410 3004 amisimus.
2479 2952 2542 3001 C.
2580 2948 2763 3013 Ponti-

1692 3029 1807 3079 nius
1814 3029 2134 3094 Allobroges
2166 3030 2352 3080 iterum
2388 3026 2761 3088 tumultuantes

1694 3106 2038 3170 compescuit,
2089 3104 2260 3169 deque
2303 3102 2364 3152 iis
2420 3100 2762 3164 triumphavit

1694 3182 1850 3244 paulo
1889 3188 2012 3234 ante
2058 3180 2249 3231 bellum
2286 3179 2402 3242 boc,
2437 3177 2572 3242 quod
2612 3182 2695 3227 est
2727 3190 2762 3225 a

1696 3259 1903 3308 Caesare
1943 3255 2183 3323 gestum!
2249 3256 2383 3308 Haec
2417 3253 2646 3308 breviter
2680 3268 2760 3303 re·
2827 3268 2835 3275 ·

1694 3341 1877 3410 censet
1898 3334 2199 3384 Ammianus
2225 3332 2565 3384 Marcellinus
2604 3332 2642 3381 l.
2665 3343 2757 3381 ιν.

1691 3411 1708 3438 ‘
1733 3410 1835 3459 Hae
1881 3407 2135 3475 regiones,
2174 3410 2437 3474 praecipue
2482 3422 2597 3473 quae
2638 3421 2758 3458 con·

1692 3484 1821 3536 fines
1858 3486 2079 3550 Italicis,
2113 3487 2362 3550 paulatim
2386 3483 2563 3534 'levius
2598 3483 2759 3535 odere

1695 3562 1788 3612 sub
1807 3562 2077 3627 imperium
2102 3564 2276 3612 venire
2300 3564 2618 3611 Romanum:
2651 3558 2760 3624 pri-

1694 3652 1778 3686 mo
1797 3639 2017 3688 tentatae
2041 3651 2134 3702 per
2157 3638 2410 3701 Fulvium,
2423 3634 2612 3685 deinde
2629 3648 2759 3704 prae·

1695 3713 1776 3762 liis
1800 3715 1986 3779 parvis,
2019 3715 2274 3779 quassatae
2298 3728 2393 3776 per
2413 3713 2666 3773 Sextium,
2691 3709 2755 3759 ad

1696 3788 1931 3839 ultimum
1971 3803 2068 3853 per
2104 3789 2318 3839 Fabium
2358 3788 2643 3837 Maximum
2668 3785 2759 3835 do-

1692 3864 1866 3913 mitae:
1917 3865 2003 3913 cui
2046 3865 2241 3930 negotii
2280 3865 2461 3927 plenus
2516 3860 2754 3921 effectus,

1692 3938 1953 4002 asperiore
1975 3939 2314 4001 Allobrogum
2354 3945 2510 4003 gente
2532 3936 2755 3996 devicta,

1690 4016 1787 4065 hoc
1811 4007 2008 4067 indidit
2029 4014 2461 4082 cognomentum!
2523 4012 2754 4060 ‘faudem

1689 4092 1821 4142 banc
1877 4095 2199 4157 provinciam
2258 4094 2315 4140 C.
2361 4088 2534 4139 Julius
2579 4087 2755 4137 Coesar

1689 4182 1807 4218 cum
1849 4171 2085 4219 exercitu
2120 4167 2336 4216 intravit
2366 4164 2529 4214 Lucio
2561 4159 2752 4213 Pisonc‘

1689 4250 1747 4294 et
1779 4243 1913 4293 Aulo
1933 4243 2177 4293 Gabinio
2210 4242 2354 4294 Coss.
2387 4239 2525 4306 quod
2548 4239 2752 4290 'bellum

1688 4335 1770 4374 ιι.
1795 4322 1941 4373 anuis
1962 4327 2167 4386 gestum
2183 4320 2270 4374 hic
2292 4322 2406 4388 ipse
2426 4318 2694 4370 describit.
