3017 4950
503 380 593 448 28

526 580 533 587 ·
590 547 659 613 8.
705 545 841 611 His
864 544 1062 610 rebus
1087 541 1378 621 adducti,
1421 549 1489 608 et
1539 530 1924 610 auctoritate
1964 543 2371 630 Orgetorigis
2395 549 2707 631 permoti,

507 651 1003 726 constituerunt,
1046 667 1148 725 ea,
1196 667 1348 731 quae
1377 647 1465 712 ad
1491 647 2045 731 proficiscendum
2071 651 2481 731 pertinerent,
2518 672 2706 717 com-

507 771 741 837 parare
755 760 804 833 ;¹'
840 753 1280 835 jumentorum
1324 754 1389 813 et
1433 769 1766 815 carrorum
1809 770 2009 834 quam
2072 755 2434 817 maximum
2475 774 2708 819 nnme-

507 874 652 921 rum
679 856 1014 934 coemere3
1059 860 1379 917 sementes
1408 873 1609 936 quam
1633 856 1962 918 maximas
1989 855 2231 933 facere,
2274 862 2348 921 ut
2376 857 2445 919 in
2473 857 2709 921 itinere
2739 926 2748 931 ,

507 960 707 1043 copia
749 957 1050 1022 frumenti
1085 961 1494 1040 suppeteret3
1538 972 1690 1020 cum
1713 958 2038 1040 proximis
2059 959 2443 1022 civitatibus
2472 978 2715 1043 pacem

508 1065 576 1124 et
601 1062 979 1126 amicitiam-
993 1059 1393 1124 confirmare⁶
1480 1057 1595 1123 Ad
1621 1079 1735 1124 eas
1771 1080 1879 1148 res
1907 1060 2346 1124 conficiendas
2371 1062 2711 1145 biennium

510 1164 646 1228 sibi
696 1165 859 1227 satis
912 1183 1061 1228 esse
1110 1150 1454 1240 duxerunt,
1529 1163 1597 1226 in
1640 1164 1897 1227 tertium
1947 1168 2187 1226 annum
2230 1162 2712 1246 profectionem

508 1265 654 1348 lege
684 1265 1117 1331 confirmant!
1201 1264 1314 1330 Ad
1361 1286 1478 1330 eas
1521 1278 1638 1329 tes
1683 1265 2127 1331 conficiendas
2165 1263 2516 1347 Orgetorix
2542 1265 2713 1330 deli-

512 1368 687 1449 gitur
703 1377 763 1451 3W
805 1371 888 1448 is,
917 1371 1032 1434 ubi
1059 1370 1458 1452 legationem
1484 1369 1576 1434 ad
1603 1369 1903 1434 civitates
1933 1369 2245 1452 suscepit,
2274 1370 2341 1431 in
2368 1387 2448 1432 eo
2475 1368 2732 1432 itinere·

1120 395 1191 442 c.
1234 396 1297 444 s:
1341 391 1674 445 cAEsAnts
1719 378 2105 449 commem.
2147 422 2156 427 -

508 1471 867 1553 persuadet
912 1471 1208 1550 Castico,
1277 1470 1867 1538 Catamantaledis¹
1909 1468 2082 1550 filio,
2136 1471 2467 1555 Sequano,
2512 1471 2710 1556 cujus
2809 1504 2816 1512 ·

508 1562 707 1656 pater'
738 1572 1052 1659 regnum³¹
1103 1578 1183 1640 in·
1220 1576 1546 1661 Sequanis
1587 1577 1830 1641 multos
1874 1595 2080 1640 annos
2122 1577 2510 1652 obtinuerat,
2553 1579 2620 1639 et
2667 1591 2716 1636 a

572 1734 595 1773 ὅ
615 1737 843 1793 &noiant
863 1745 984 1808 lege,
1016 1758 1115 1794 esse
1128 1743 1516 1811 proficiscendum
1536 1738 1681 1794 tertio
1694 1749 1803 1808 post
1823 1759 1961 1794 anno.

1430 1888 1788 1911 θθθθθθθθθθ

508 1994 597 2024 —v
618 1996 791 2053 parare
836 1985 987 2055 Egm.
1045 1992 1193 2043 Leid.
1238 2007 1345 2043 sec.
1408 1994 1543 2043 Edd.
1585 1994 1735 2042 Rom.
1781 1988 1926 2040 Med.
1982 1990 2216 2039 Ven.--'
2236 1987 2471 2049 delegitur
2511 1986 2713 2035 Lovan.

510 2053 628 2104 Pal.
674 2055 823 2105 Gott.
864 2057 1010 2106 Voss.
1049 2063 1172 2106 tert.
1213 2058 1360 2107 Leid.
1382 2073 1488 2108 sec.
1534 2064 1590 2111 et
1635 2057 1734 2106 Ed.
1776 2055 1887 2105 Inc.
1918 2054 2141 2116 dilig-itur
2173 2054 2324 2102 Voss.
2347 2067 2450 2101 sec.
2471 2048 2717 2113 derigitur

506 2117 655 2169 Leid.
696 2127 866 2184 pr.-¹
891 2121 1320 2173 Catamantaloedis
1361 2125 1445 2173 vel
1481 2123 1630 2175 leodis
1666 2122 1797 2172 Mss.
1836 2121 1982 2169 leodis
2012 2119 2111 2169 Ed.
2145 2119 2291 2170 Med.
2329 2117 2491 2168 teaedis
2509 2114 2715 2167 ven.—

1503 2269 1717 2324 NOTAE

508 2380 690 2446 stabit,
721 2396 838 2448 quae
865 2398 990 2434 vera
1022 2344 1090 2436 sit
1121 2399 1357 2450 mensura
1378 2386 1570 2437 Helve—
1650 2382 1808 2449 polim
1824 2348 2056 2433 sitam‘ad
2072 2376 2376 2430 Rhodanum
2399 2377 2569 2428 stadia
2585 2381 2719 2428 sunt

446 2503 451 2512 .
508 2459 731 2511 ticorum
770 2460 980 2513 finium:
1028 2468 1084 2514 et
1123 2465 1364 2531 quoniam
1406 2465 1573 2516 multa

506 2539 702 2587 mentio
723 2554 961 2603 passuum
980 2551 1219 2593 occurret
1236 2543 1315 2593 his
1335 2542 1388 2592 in
1403 2543 1568 2606 libris,

505 2615 888 2680 qnia'passibus
912 2619 1128 2669 Romani
1152 2621 1377 2672 locorum
1400 2623 1572 2686 spatia

510 2691 877 2757 metiebantur,
909 2700 968 2745 ut
991 2696 1164 2746 Graeci
1185 2698 1381 2761 stadiis,
1403 2707 1458 2748 et
1477 2712 1570 2747 nos

509 2766 672 2816 leucis
691 2784 706 2829 ;
739 2769 838 2819 hoc
859 2771 913 2819 in
935 2772 1048 2822 loco
1071 2774 1298 2823 nonnihil
1316 2790 1425 2825 esse
1446 2775 1574 2824 scri-

510 2843 736 2896 bendum
768 2847 991 2913 videtur,
1042 2852 1179 2916 qnod
1218 2853 1407 2902 ceteris
1436 2852 1574 2902 suffi-

512 2919 636 2968 ciat.
704 2922 837 2973 Sunt
872 2932 1078 2975 veteres
1122 2942 1299 2978 versus
1327 2929 1574 2992 juvandae

511 2996 774 3047 memoriae
808 3000 978 3063 gratia
1017 3002 1071 3050 in
1111 3002 1245 3054 hanc
1269 3020 1377 3054 rem
1409 3005 1572 3056 facti:

506 3072 525 3099 ‘
555 3074 793 3127 Quatuor
828 3091 895 3125 ex
931 3079 1104 3141 granis
1143 3079 1332 3144 digitus
1366 3097 1576 3146 compo-

510 3147 655 3197 nitur
673 3164 820 3215 unus,
852 3154 948 3203 Est
967 3160 1153 3219 quater
1180 3158 1233 3206 in
1263 3159 1480 3221 pedibus
1502 3161 1576 3210 di-

510 3226 667 3291 gitus,
703 3236 886 3293 quater
906 3231 959 3279 in
983 3233 1118 3295 pede
1140 3236 1374 3297 palmus:
1413 3236 1575 3287 Quin-

510 3316 611 3367 que
669 3305 829 3368 pedes
882 3321 1085 3370 passum
1129 3308 1342 3374 faciunt,
1391 3328 1573 3376 passus

511 3396 715 3447 quoque
747 3390 952 3435 centum
973 3387 1171 3452 Viginti
1207 3390 1433 3455 quinque
1471 3399 1574 3443 sta-

509 3458 650 3512 dium
673 3462 835 3523 dant3
882 3464 972 3513 sed
993 3464 1193 3515 miliare
1212 3466 1353 3517 Octo
1374 3468 1575 3519 dabunt

509 3536 711 3585 stadia:
748 3538 1066 3602 duplicatum
1100 3542 1191 3593 dat
1218 3542 1312 3592 tibi
1336 3545 1574 3595 leucam?

509 3612 708 3663 Quibus
730 3603 960 3665 dei-sibus
992 3618 1034 3666 si
1069 3616 1198 3669 fides
1219 3620 1572 3683 adhibebitur,

507 3687 662 3737 leuca
702 3696 880 3740 nostra
908 3692 1038 3742 -erit
1091 3693 1308 3745 duorum
1355 3697 1572 3747 millium

507 3780 764 3829 passuum,
832 3769 936 3818 Sed
987 3773 1298 3823 necessitate
1341 3775 1574 3838 cogimur

507 3842 559 3890 in
581 3845 753 3894 mulas
772 3845 902 3896 locis
939 3846 1075 3896 hunc
1108 3861 1372 3899 numerum
1406 3850 1572 3914 dupli·

508 3932 647 3982 care,
681 3928 741 3970 ut
776 3922 978 3973 scilicet
1021 3923 1089 3973 sit
1121 3938 1181 3973 ιν
1202 3925 1416 3975 millium
1451 3941 1568 3989 pas-

507 4007 671 4047 snnm.
741 3999 911 4050 Multa
954 4001 1008 4050 in
1040 4002 1173 4051 hanc
1208 4017 1314 4052 rem
1351 4009 1570 4068 possunt

509 4071 717 4137 adduci,
761 4077 852 4126 sed
897 4077 1016 4142 quia
1049 4079 1355 4143 compendio
1395 4080 1570 4129 stude-

500 4147 639 4212 mus,
675 4164 804 4201 unus
847 4153 1118 4208 Strabonis
1156 4155 1300 4205 locus
1343 4156 1570 4206 omnium

509 4222 673 4274 instar
691 4226 813 4279 erit.
858 4229 945 4280 Sic
964 4232 1101 4280 enim
1118 4232 1206 4282 ille
1225 4231 1317 4282 lib.
1339 4246 1415 4301 ry.
1446 4233 1462 4261 ‘
1481 4233 1570 4283 Ab

507 4300 656 4353 lma
677 4303 744 4354 ad
756 4303 1008 4359 Viennam
1023 4305 1362 4376 Allobrogum
1380 4315 1571 4362 metro-

1651 2466 1889 2513 trecenta
1925 2466 1981 2511 et
2023 2457 2224 2524 viginti.
2288 2458 2461 2521 Prope
2498 2470 2620 2507 vero
2657 2461 2717 2508 et

1649 2554 1806 2604 supra
1847 2538 2100 2588 Viennam
2141 2543 2221 2586 est
2264 2535 2587 2598 Lugdunum,
2623 2534 2720 2584 nbi

1649 2615 2043 2666 commiscentur
2075 2613 2214 2663 inter
2245 2626 2301 2661 se
2323 2611 2460 2661 Arar
2489 2618 2544 2662 et
2575 2611 2721 2661 Rho-

1652 2694 1828 2744 danus.
1892 2692 2074 2743 Stadia
2104 2705 2228 2741 vero
2259 2689 2334 2739 ibi
2360 2695 2478 2739 sunt
2506 2688 2721 2738 circiter

1653 2774 1881 2822 ducenta
1900 2770 2131 2836 pedestri
2148 2759 2334 2819 itinere
2358 2781 2451 2832 per
2474 2764 2721 2816 Allobro·

1655 2865 1772 2913 gum
1807 2845 2296 2907 terrameuntibus,
2337 2843 2556 2893 adverso
2588 2856 2719 2892 vero

1655 2922 1865 2973 flumine
1929 2921 2285 2986 navigantibus
2351 2920 2506 2984 paulo
2564 2916 2724 2984 plns?

1656 3001 1834 3051 Hodie
1856 3002 2084 3066 quinque
2099 3005 2299 3049 tantum
2317 2998 2581 3047 leucarum
2598 3010 2720 3061 spa·

1656 3079 1782 3129 tium
1822 3078 1962 3146 iuter
2001 3076 2310 3140 Lugdunum
2362 3079 2416 3123 et
2458 3072 2721 3122 Viennam

1655 3173 1768 3221 esse
1810 3156 2075 3221 cognitum
2114 3162 2211 3206 est.
2275 3154 2379 3203 Sed
2419 3166 2585 3218 neque
2613 3151 2720 3214 hic,

1654 3249 1819 3300 neque
1855 3234 1965 3284 aliis
2001 3234 2179 3283 multis
2211 3232 2264 3280 in
2296 3231 2424 3282 locis
2455 3228 2720 3279 constabit

1653 3325 1979 3361 numerorum
2011 3309 2165 3371 ratio,
2211 3308 2311 3358 etsi
2342 3311 2565 3371 quatuor
2596 3318 2719 3369 pas-

1654 3403 1801 3438 suum
1823 3386 1981 3436 millia
2002 3387 2164 3435 leucae
2189 3382 2630 3448 assignaverimuS,
2653 3386 2721 3431 ut

1653 3465 1863 3513 tandem
1898 3462 2164 3513 fatendum
2201 3474 2414 3510 necesse
2448 3459 2515 3509 sit
2547 3463 2718 3507 totam

1650 3540 1791 3590 illam
1807 3553 2140 3589 numerorum
2153 3538 2422 3598 rationem,
2437 3550 2554 3586 cum
2573 3533 2719 3598 apud
2743 3547 2748 3552 ·

1653 3617 1888 3680 Graecos,
1922 3624 2033 3666 tum
2070 3615 2205 3680 ap'ud
2236 3615 2450 3664 Latinos
2481 3611 2719 3676 turpibus

1652 3694 1916 3743 erroribus
1939 3699 2159 3743 scatere.

1715 3775 1778 3819 sl
1817 3771 1960 3832 cnjus
1978 3774 2119 3833 pater
2138 3782 2353 3832 regnum,
2374 3765 2481 3829 θα]
2514 3763 2595 3813 Ex
2614 3762 2720 3812 hoc

1651 3846 1764 3896 loco
1803 3853 1858 3895 et
1895 3846 2129 3909 pluribus
2174 3845 2286 3893 aliis
2329 3848 2499 3908 patet,
2553 3851 2718 3903 regna

1649 3926 1751 3974 ista
1779 3925 1832 3973 in
1871 3924 2042 3976 Gallia
2061 3938 2163 3972 non
2185 3915 2718 3978 fuisse'haereditaria,

1650 4000 1833 4064 quibus
1869 4006 2041 4049 tamen
2073 3997 2164 4048 filii
2187 4012 2243 4047 se
2272 3995 2460 4062 privari
2484 3993 2720 4059 graviter

1649 4077 1908 4139 ferebant,
1942 4092 1974 4126 a
2007 4077 2199 4141 populo
2235 4074 2520 4133 dabantur3
2560 4075 2624 4122 ut
2651 4066 2716 4117 fit

1649 4139 1946 4217 verisimile,
1980 4158 2198 4218 propter
2226 4149 2451 4218 justitiae
2484 4153 2541 4198 et
2571 4143 2722 4199 forti-

1651 4231 1844 4284 tudinis
1863 4228 2178 4297 opinionem.
2525 4229 2552 4246 '⁶
2633 4239 2636 4246 ·
