3017 4950
526 402 663 471 416

1129 418 1195 466 G.
1239 414 1299 464 J.
1346 411 1674 462 cAEsAms
1718 408 2108 460 connum·-

530 561 709 634 tulus
724 560 1015 628 libertati
1036 559 1402 641 confirmat,
1426 558 1693 645 atque*¹
1673 555 1760 623 iis
1782 575 1993 643 equos
2018 552 2340 633 attribuit,
2356 555 2422 618 et
2450 569 2527 617 se
2547 547 2731 637 sequi

512 666 762 754 jussit.
809 683 979 750 quos
1006 667 1265 748 postea,
1293 662 1584 728 monitus
1614 661 1701 726 ab
1731 660 1895 739 suis,
1948 658 2131 744 quod
2174 676 2258 723 ea
2306 676 2413 722 res
2443 655 2731 719 omnium

517 769 777 857 judicio
824 767 1437 854 reprehendebatur,
1439 774 1496 817 ⁹⁷
1545 766 1795 831 circum
1835 762 2125 876 familias
2152 765 2514 827 conventus
2544 753 2734 824 Cam·

527 873 744 960 pani⁹⁸
778 870 1100 938 custodiae
1127 890 1337 936 causa
1365 868 1716 935 distribuit

614 978 722 1044 15.
764 974 1062 1042 Auximo
1092 971 1323 1039 Caesar
1349 990 1766 1058 progreSSuS,
1797 988 2058 1036 omnem
2102 987 2331 1051 agrum
2360 963 2734 1031 Picenum⁹⁹

528 1081 870 1166 percurrit.
959 1075 1238 1141 Cunctae
1287 1094 1512 1140 earum
1554 1073 1892 1158 regionum
1923 1071 2341 1159 praefecturae
2386 1069 2737 1134 libentissi-

529 1182 663 1247 mis
689 1181 927 1247 animis
954 1198 1106 1243 eum
1133 1178 1484 1264 recipiunt,
1505 1177 1999 1260 exercitumque
2021 1162 2168 1260 ejus
2194 1172 2504 1238 omnibus
2528 1171 2742 1236 rebus‘

519 1284 787 1370 juvant.
873 1280 1098 1348 Etiam
1126 1279 1524 1366 Cingulo‚¹00
1554 1277 1737 1365 qnod
1764 1264 2085 1365 oppidum
2138 1275 2476 1342 Labienus
2506 1273 2742 1339 consti·

1453 1446 1602 1466 enee
1606 1440 1780 1466 eeeeo'e
1785 1442 1815 1465 e

534 1551 558 1578 ⁰
573 1543 669 1596 sibi
688 1543 749 1597 L.
771 1551 969 1613 see—¹³
983 1544 1070 1597 Sic
1091 1546 1221 1597 Mss.
1243 1560 1294 1598 o.
1320 1551 1376 1598 et
1397 1544 1532 1603 Edd.
1549 1530 1644 1613 pp.
1668 1543 1841 1613 quaed.
1862 1543 2005 1597 Edit.
2024 1543 2088 1594 ad
2104 1541 2305 1603 son—‘1
2327 1540 2482 1591 deest
2503 1537 2568 1587 L.
2594 1551 2742 1603 pr.—

1526 1675 1739 1728 NOTAE

532 1768 734 1835 ber-ent,
770 1772 859 1838 qui
891 1772 994 1823 illis
1031 1773 1342 1839 spectaculis
1372 1771 1596 1825 mirifice

531 1848 914 1918 delectabatur,
937 1853 1377 1918 tradebanturque
1389 1852 1468 1902 illi
1489 1867 1625 1902 ser--

528 1929 585 1979 vi
623 1931 882 1995 magistris
912 1931 1272 1995 gladiatoriam
1307 1935 1472 1980 artem
1508 1929 1599 1979 do·

530 2006 700 2071 cendi,
743 2008 830 2072 qui
852 2008 1083 2071 magistri
1105 2008 1327 2059 Lanistae
1352 2005 1596 2069 diceban-

531 2087 669 2132 tur.
700 2081 871 2131 Locus
895 2098 1052 2146 porro
1083 2083 1138 2132 in
1166 2098 1267 2149 quo
1292 2081 1597 2132 erudieban-

466 2228 471 2233 .
531 2163 638 2221 tur,
677 2159 829 2209 ludus
868 2160 1158 2210 dicebatur.
1223 2159 1342 2223 His,
1369 2165 1431 2209 nt
1452 2158 1596 2209 vide·

528 2233 704 2299 batur,
739 2236 985 2299 promissa
1020 2236 1238 2288 libertas
1271 2244 1405 2301 erat,
1438 2252 1597 2302 quam

530 2318 731 2363 certam
754 2311 884 2365 fecit
905 2304 1179 2378 Lentulus,
1219 2329 1250 2364 e
1282 2308 1418 2363 ludis
1450 2314 1598 2364 emit-

522 2389 692 2441 tendo
730 2390 819 2441 nbi
851 2398 1007 2442 erant·
1038 2391 1288 2443 conclusi.
1356 2393 1515 2443 Forte
1531 2391 1595 2441 12·-

531 2466 716 2519 bertate
734 2469 1028 2535 legendum.

594 2549 661 2614 97
697 2545 837 2601 Quod
871 2561 928 2596 ea
959 2561 1038 2596 ms
1075 2547 1283 2597 omnium
1301 2546 1490 2609 judicio
1520 2562 1595 2597 re·

526 2622 922 2686 mandabatur]
964 2624 1098 2674 Ideo
1137 2623 1388 2674 Lentulus
1424 2638 1597 2688 repre-

528 2698 870 2762 hendebatur,
909 2700 1048 2764 quod
1082 2714 1254 2750 servus
1288 2706 1597 2763 armaverat,

533 2774 717 2839 quibus
738 2776 966 2826 militare
987 2791 1088 2825 non
1110 2776 1320 2827 licebat.
1389 2778 1477 2827 Ne
1502 2777 1598 2841 igi-

533 2856 624 2900 tur
658 2851 712 2901 in
746 2852 1035 2916 legionibus
1075 2854 1318 2902 Romanis
1357 2853 1494 2903 servi
1526 2853 1600 2903 vi-

534 2929 803 2995 derentur,
841 2931 1025 2992 maluit
1063 2931 1205 2982 circa
1242 2930 1466 2981 familias
1499 2931 1603 2982 dis·

533 3009 784 3061 tribuere.
851 3012 1081 3062 Familiae
1125 3026 1278 3076 porro
1311 3017 1462 3061 erant
1486 3023 1600 3061 ser·

533 3089 729 3153 vorum,
773 3088 862 3153 qui
887 3089 1107 3139 tumultu
1141 3089 1279 3139 civili
1305 3088 1601 3152 *potuissent

532 3175 721 3229 magno
760 3166 1083 3218 dominorum
1119 3164 1306 3215 damno
1338 3166 1601 3229 ergastula

466 3245 471 3252 ”
532 3241 836 3310 refringere,
854 3244 951 3294 nisi
973 3244 1213 3295 custoditi
1235 3242 1469 3294 fuissent.
1515 3242 1597 3294 Ci-

533 3333 657 3370 cero
690 3321 844 3383 epist.
881 3321 948 3370 ad
975 3319 1145 3371 Attic.
1169 3334 1270 3369 vn.
1295 3324 1377 3370 13.
1426 3317 1445 3347 ‘
1474 3317 1599 3370 Gla·

532 3393 761 3449 diatores
801 3398 1024 3448 Caesaris
1066 3396 1159 3463 qni
1213 3397 1404 3461 Cap‘uae
1460 3402 1598 3459 sunt,

533 3487 659 3522 sane
697 3475 964 3525 commode
1003 3473 1282 3538 Pompeius
1331 3472 1601 3524 distribuit

532 3549 683 3599 binos
703 3551 913 3615 singulis
936 3551 1168 3616 patribus
1190 3549 1431 3620 familias,
1454 3564 1600 3600 secu-

535 3632 704 3677 torum
720 3628 773 3676 in
790 3629 912 3678 ludo
929 3643 1016 3679 102)
1032 3627 1255 3690 fuerant,
1271 3628 1597 3692 eruptionem

530 3700 724 3762 facturi
744 3702 903 3756 fuisse
923 3704 1273 3772 videbantur-⁹

597 3784 664 3829 98
698 3782 952 3848 Campani]
985 3782 1270 3846 Campania
1295 3782 1438 3832 dicta
1459 3782 1545 3831 vel
1566 3798 1598 3832 a

464 3919 469 3926 .
531 3860 810 3922 metropoli
833 3860 1030 3924 Capua,
1072 3859 1153 3908 vel
1187 3858 1324 3923 quod
1356 3859 1428 3908 sit
1461 3873 1597 3908 cam-

533 3936 748 3998 pestris,
792 3931 860 3985 de
905 3951 1005 4000 qua
1050 3942 1130 3987 tot
1165 3935 1421 3984 habentur
1457 3934 1600 3998 apud

536 4008 838 4061 Ciceronem
865 4011 918 4060 in
943 4012 1178 4062 oratioue
1202 4011 1266 4060 de
1289 4011 1429 4074 Lesse
1457 4025 1599 4075 agra-

535 4086 631 4147 ria,
649 4102 784 4137 nunc
813 4090 956 4138 Terra
978 4090 1031 4138 di
1053 4090 1258 4139 Lavore.

601 4166 668 4212 99
699 4164 951 4227 Picenum]
981 4166 1151 4215 Italiae
1185 4164 1346 4229 regio,
1365 4166 1431 4215 ad
1455 4180 1598 4215 mare

537 4235 879 4304 Adriaticum,
917 4241 984 4290 de
1028 4256 1131 4306 qua
1168 4256 1328 4305 supra
1377 4242 1599 4306 dictum,

477 4331 484 4336 ·
538 4313 630 4396 ubi
659 4320 717 4366 et
753 4323 998 4382 notantur
1018 4317 1210 4390 limites
1241 4315 1425 4384 quibus
1460 4318 1601 4370 omni

1678 1788 1745 1824 ex
1806 1776 1960 1838 parte
2026 1765 2488 1830 circumscribitur,
2544 1760 2748 1814 Man-clu

1657 1852 1932 1908 &Am-one.

1742 1924 1838 1980 100
1876 1922 2107 1992 Cingulo]
2138 1925 2410 1990 Cingulum
2431 1922 2748 1973 Picenorum

1679 2005 1948 2072 oppidum,
1986 2019 2126 2054 nunc
2169 2017 2357 2053 nomen
2392 2000 2595 2050 retinet
2636 1998 2752 2046 Cin·

1672 2085 1803 2147 gulo.
1870 2082 2027 2135 Quod
2051 2080 2217 2145 magis
2249 2079 2435 2129 mirum
2459 2075 2586 2139 fuit,
2608 2070 2751 2140 quod

1677 2175 1711 2210 a
1729 2154 1957 2211 Labieno
1994 2158 2217 2209 fuissent
2236 2155 2452 2218 conditi,
2471 2157 2661 2218 estque
2683 2150 2756 2200 ad

1675 2237 1877 2290 radices
1894 2238 2082 2288 montis
2098 2234 2360 2300 Apennini
2385 2230 2639 2297 oppidum
2662 2242 2753 2294 po·

1678 2315 1853 2379 situm,
1894 2320 1998 2366 non
2045 2313 2225 2379 procul
2271 2312 2337 2362 ab
2376 2310 2613 2372 Ancona,
2659 2305 2751 2357 sed

1674 2398 1847 2442 metus
1891 2391 2113 2442 Caesaris
2168 2386 2461 2454 praevaluit.
2554 2386 2753 2450 Magna

1676 2469 1887 2536 quidem
1933 2467 2194 2519 Labienus
2237 2469 2473 2531 gesserat
2527 2461 2752 2514 Caesaris

1676 2547 1938 2611 auspiciis,
1980 2554 2039 2597 ut
2086 2542 2434 2609 superioribus
2475 2541 2631 2592 libris
2687 2539 2752 2590 de
2849 2571 2854 2575 -

1673 2624 1813 2674 bello
1846 2623 2053 2673 Gallico
2088 2622 2497 2671 demonstratum
2537 2623 2643 2680 est,
2681 2621 2755 2667 at·

1677 2715 1777 2766 que
1797 2700 1921 2749 inde
1945 2704 2117 2750 tantas
2139 2697 2347 2748 divitias
2367 2702 2677 2761 paraverat,
2697 2698 2757 2742 ut

1676 2784 1733 2828 et
1754 2776 1949 2842 oppida
1970 2777 2225 2827 conderet
2241 2780 2297 2825 et
2315 2773 2514 2824 Caesari
2542 2787 2641 2822 suo
2664 2767 2754 2820 im·

1676 2855 1909 2921 peratori
1941 2868 2182 2919 magnam
2220 2852 2468 2902 invidiam
2513 2847 2753 2909 faceret3

1678 2940 1958 3004 postquam
1979 2946 2106 2982 vero
2141 2930 2209 2981 ad
2233 2928 2548 3002 Pompeium
2573 2924 2754 2977 transi·

1679 3011 1774 3074 vit,
1799 3024 1900 3060 non
1928 3010 2056 3059 item
2092 3009 2261 3058 clarus
2284 2998 2403 3055 fuit.
2471 3004 2632 3055 Unde
2655 3003 2754 3054 Lu·

1679 3100 1863 3136 canus:
1898 3086 1916 3115 ‘
1940 3086 2036 3135 Vir
2058 3083 2210 3135 fortis
2244 3083 2298 3131 in
2319 3081 2473 3131 armis
2494 3080 2755 3131 Caesareis

1678 3164 1937 3215 Labienus
1978 3171 2113 3225 erat,
2150 3175 2289 3212 nnnc
2328 3157 2606 3223 transfuga
2644 3156 2755 3207 vilis
2843 3167 2850 3176 ·

1681 3244 1809 3295 Cum
1832 3242 1967 3293 duce
2002 3242 2225 3306 praelato
2268 3246 2432 3289 terras
2469 3243 2635 3303 atque
2668 3252 2757 3302 op·

1679 3319 1806 3384 pida
1844 3318 2065 3369 lustrat.'
2145 3317 2281 3367 Nam
2317 3314 2560 3365 omnibus
2600 3314 2751 3364 bellis

1679 3402 1864 3447 contra
1903 3397 2164 3447 Caesarem
2203 3391 2475 3444 interfuit:
2537 3392 2750 3442 tandem

1678 3473 1817 3539 apud
1871 3474 2123 3524 Mundam
2178 3470 2459 3521 fortissime
2516 3471 2751 3533 pugnans

1678 3551 1891 3601 cecidit.
1960 3552 2061 3601 Ille
2081 3551 2195 3613 ipse
2214 3555 2312 3607 est,
2336 3549 2423 3613 qui
2452 3547 2702 3598 inductus
2720 3560 2751 3595 a

1678 3629 1885 3684 Caesare
1906 3630 1967 3680 C.
1989 3627 2256 3678 Rabirium
2277 3624 2620 3675 Pbsthnmum
2641 3631 2752 3688 per-

1668 3707 1953 3757 duellionis
1974 3720 2120 3755 reum
2142 3703 2291 3770 fecit,
2317 3701 2405 3767 qui
2434 3701 2750 3749 Posthumus
2814 3769 2827 3780 ³

1676 3781 1780 3835 fuit
1802 3796 1836 3830 a
1856 3781 2109 3832 Cicerone
2133 3778 2392 3839 defensuS‚
2417 3777 2644 3841 ejusque
2665 3788 2750 3823 ex-

1680 3864 1761 3908 tat
1799 3859 2055 3922 praeclara
2094 3857 2277 3907 oratio.
2355 3852 2578 3903 Labieni
2616 3841 2747 3901 filius

1678 3936 1746 3989 Q.
1774 3936 2032 3987 Labienus
2055 3941 2176 3999 post
2196 3938 2415 3983 mortem
2437 3929 2670 3981 Caesaris
2685 3926 2749 3978 ad

1677 4013 1899 4064 Brutum
1942 4020 1997 4063 et
2035 4012 2269 4063 Cassium
2292 4024 2350 4059 se
2380 4006 2660 4073 applicuit,
2685 4004 2746 4055 ab

1675 4088 1882 4154 illisque
1942 4094 2026 4138 est
2055 4086 2122 4137 ad
2157 4086 2388 4156 Orodem
2432 4082 2747 4133 Parthorum

1677 4181 1855 4230 regem
1870 4166 2078 4233 missus,
2094 4165 2204 4227 ubi,
2221 4163 2402 4213 audita
2418 4160 2575 4212 clade
2597 4173 2747 4226 quarn

1679 4244 1818 4308 apud
1840 4242 2109 4309 Philippos
2130 4240 2268 4306 passi
2304 4238 2537 4304 fuerant,
2563 4234 2748 4287 mansit

1677 4317 1875 4372 diffisus
1895 4318 2051 4371 rebus
2071 4318 2194 4385 suis,
2223 4331 2339 4371 cum
2359 4314 2549 4383 quibus
2572 4319 2630 4366 et
2649 4312 2747 4400 ξι·
