3017 4950
850 675 972 768 C.
1052 674 1488 768 JULII
1607 669 2342 767 CAESARIS

649 979 2583 1202 COMMENTARII

1573 1312 1671 1365 DE

1027 1551 1492 1647 BELLO
1546 1549 2189 1647 GALLICO.

1123 1962 1457 2038 LIBER
1522 1959 2093 2039 SEPTIMUS.

1338 2190 1881 2242 ARGUMENTUM.

843 2322 1108 2397 Belhm
1136 2320 1726 2406 VercingetorigiS.
2104 2356 2109 2361 ·

499 2438 668 2530 Cap.
709 2441 777 2509 1.
827 2437 1010 2508 Nova
1050 2438 1309 2508 consilia
1358 2439 1697 2510 Gallorum
1734 2440 1810 2508 de
1864 2438 2045 2510 bello.
2160 2440 2229 2521 2,
2263 2446 2328 2509 3.
2373 2435 2635 2506 Bellum
2683 2458 2720 2504 a

588 2541 972 2610 Carnutibus
1010 2554 1371 2629 susceptum.
1458 2552 1524 2625 4,
1555 2554 1620 2611 5.
1669 2544 1781 2609 Ab
1807 2543 2134 2626 Arvernis,
2180 2554 2434 2609 auctore
2467 2539 2722 2606 Vercin-

579 2645 881 2733 getorige.
968 2646 1033 2710 6.
1083 2645 1511 2713 Periculosum
1541 2650 1661 2714 iter
1695 2648 1962 2716 Caesaris
1989 2647 2079 2714 ad
2118 2647 2467 2714 exercitum.
2560 2654 2625 2726 7,
2658 2651 2721 2710 8.

589 2747 866 2813 Arverni
904 2750 1195 2836 oppressi
1302 2759 1367 2825 9.
1418 2750 1740 2840 Gergozia
1786 2752 1867 2818 ab
1935 2748 2430 2840 Vercingetorige
2481 2769 2719 2835 oppug-

533 2855 765 2916 nata.
863 2859 962 2916 10.
1008 2851 1141 2917 Iter
1187 2851 1451 2919 Caesaris
1494 2855 1584 2920 ad
1610 2853 1955 2941 serendum
1997 2852 2328 2918 auritium.
2442 2854 2730 2921 11—13.

593 2947 1154 3035 Vellaunodunum,
1206 2954 1563 3038 Genabum,
1618 2957 2087 3023 Noviodunum
2121 2978 2160 3020 a
2213 2952 2455 3020 Caesare
2493 2945 2719 3038 capta:

584 3053 707 3119 iter
730 3055 819 3120 ad
847 3056 1216 3121 Avaricum.
1312 3066 1412 3137 14,
1451 3068 1549 3123 15.
1584 3057 1958 3147 Biturigum
2003 3057 2237 3146 oppida
2280 3066 2519 3142 praeter
2547 3053 2720 3119 Ava-

586 3157 783 3224 ricum
835 3183 873 3223 a
937 3158 1149 3226 Gallis
1192 3161 1460 3228 incensa.
1572 3151 1671 3245 16,
1710 3170 1810 3234 17.
1859 3162 2089 3249 Inopia
2144 3159 2579 3225 Romanorum
2636 3153 2722 3220 ad

589 3260 962 3329 Avaricum.
1060 3272 1335 3330 18—21.
1377 3260 1442 3325 V
1433 3263 1848 3353 ercingetorix
1885 3263 2259 3349 proditionis
2304 3259 2719 3337 insimulatus,

588 3361 923 3429 absolutus.
1029 3374 1134 3430 2¹2.
1196 3363 1538 3431 Gallorum
1595 3369 1661 3431 in
1719 3365 2095 3453 defendendo
2153 3363 2382 3450 oppido
2426 3361 2720 3446 studium.

588 3472 694 3528 23.
730 3463 916 3530 Muri
944 3465 1209 3532 Gallici.
1298 3476 1407 3548 24,
1439 3478 1548 3534 25.
1579 3468 1753 3555 Ager
1775 3466 2098 3533 Romanus
2127 3468 2402 3531 incensus
2423 3492 2443 3528 :
2477 3462 2716 3551 eruptio

593 3566 927 3634 Gallorum
975 3592 1267 3656 repressa.
1354 3572 1465 3639 26.
1518 3570 1862 3637 Consilium
1916 3561 2256 3636 Gallorum
2293 3567 2457 3634 clam
2493 3565 2719 3656 prosu·

582 3672 799 3759 giendi
826 3694 897 3738 ex
917 3673 1140 3760 oppido
1172 3674 1437 3741 clamore
1479 3674 1775 3740 muliebri
1793 3673 2173 3761 impeditum.
2264 3681 2372 3753 27,
2403 3665 2519 3737 28.
2549 3671 2720 3735 Ava-

588 3776 787 3847 ricum
850 3787 1292 3861 expugnatum.
1384 3784 1697 3864 ‘99—31.
1761 3775 2017 3842 Bellum
2083 3776 2164 3841 ab
2222 3773 2719 3861 Vercingetorige

477 3876 494 3881 ’
586 3880 1038 3965 continuatum.
1128 3885 1234 3956 32,
1267 3885 1374 3943 33.
1424 3877 1643 3944 Motus
1672 3881 1742 3943 in
1778 3880 2004 3945 AErluis
2034 3904 2074 3944 a
2100 3878 2343 3945 Caesare
2374 3863 2714 3964 compositi.

587 3989 695 4059 34,
726 3985 835 4048 35.
884 3979 1210 4046 Exercitus
1241 3978 1565 4047 Romanus
1585 3998 1770 4048 -trans
1813 3981 2143 4049 Elaverem
2173 3981 2479 4068 expositus
2503 4008 2524 4045 .-
2568 4001 2716 4065 pars

588 4082 906 4167 copiarum
931 4085 994 4148 in
1029 4083 1293 4150 Senones
1322 4096 1379 4150 et
1415 4082 1702 4151 Parisios
1730 4087 1939 4151 missa.
2030 4086 2137 4150 36.
2189 4083 2416 4148 Castra
2449 4079 2713 4147 Caesaris

593 4182 681 4246 ad
712 4181 1122 4271 Gergoviam:
1205 4194 1486 4257 37-40,
1524 4184 1718 4252 Nova
1740 4188 1934 4254 turba:
1959 4187 2025 4252 in
2058 4186 2308 4266 AEduis,
2355 4181 2709 4249 auctoribus

594 4283 1090 4354 Convictolitane
1131 4299 1189 4354 et
1239 4286 1536 4357 Litavico
1559 4314 1580 4355 .·
1643 4286 1993 4374 Litavicus,
2044 4291 2155 4380 qui
2214 4286 2576 4367 subsidium,
2626 4283 2707 4350 ab
