3017 4950
495 373 596 477 ω
1113 391 1183 442 e.
1223 394 1283 442 J.
1331 390 1682 443 cnsams-
1701 388 2092 441 oouunur.

501 544 524 574 ‘
552 559 684 625 que
740 518 1029 606 Galliam
1083 541 1496 624 provinciam
1546 542 1889 620 obtineret,
1943 540 2123 627 quod
2163 539 2525 623 ‘comodo
2571 540 2709 607 rei-

503 642 922 726 ‘publicae¹⁵²
952 642 1166 707 facere
1192 648 1445 727 posset,
1473 643 1735 708 AEduos
1757 650 2145 728 ceterosque
2172 645 2430 708 amicos
2456 644 2716 728 Populi

500 750 523 779 ‘
554 744 839 811 Romani
867 745 1259 824 defenderet,
1291 765 1438 810 sese
1468 746 1832 812 AEduorum
1861 746 2164 832 injur-ias‘
2203 765 2336 810 non
2374 747 2711 830 neglectu-

503 852 715 914 ‘.rum
720 838 820 895 ’l‘
2281 850 2302 875 ·

581 952 691 1018 36.
734 950 846 1017 Ad
887 953 1034 1017 haec
1068 951 1452 1020 Ariovistus
1497 954 1874 1038 respondit.
1940 958 1960 988 ‘
1988 953 2120 1019 Jus
2170 973 2315 1018 esse
2357 951 2539 1030 belli,
2585 956 2685 1030 ut,
2687 959 2715 986 ⁸

499 1060 671 1143 ‘qui
716 1061 1051 1138 vicissent,
1094 1060 1202 1138 iis,
1250 1079 1420 1145 quos
1463 1061 1802 1138 vicissent,
1851 1054 2404 1144 quemadmodum
2438 1056 2718 1132 vellent,

501 1166 985 1246 ‘imperarentz
1051 1165 1207 1229 item
1255 1164 1589 1248 Populum
1629 1163 2011 1228 Romanum
2036 1162 2238 1228 victis
2267 1180 2399 1224 non
2426 1159 2514 1223 ad
2544 1158 2718 1222 alte-³

502 1266 689 1329 ‘rius
734 1268 1229 1350 praescriptum,
1247 1266 1391 1331 sed
1413 1267 1499 1330 ad
1546 1286 1739 1332 suum
1785 1265 2141 1342 arbitrium,
2186 1263 2507 1345 imperare
2550 1278 2717 1326 con·
2775 1314 2784 1323 ,

503 1371 809 1433 ‘.suesse
812 1366 838 1404 b
967 1368 1042 1433 Si
1114 1369 1258 1453 ipse
1331 1369 1599 1452 Populo
1658 1367 1967 1432 Romano
2029 1385 2164 1430 non
2229 1354 2720 1448 praescriberet,

504 1474 524 1504 ‘
556 1468 1117 1552 quemadmodum
1167 1489 1287 1535 suo
1332 1470 1486 1554 jure
1537 1473 1872 1551 uteretur3
1942 1484 2077 1532 non
2125 1472 2422 1550 oportere
2473 1483 2620 1528 sese
2670 1482 2718 1527 a

504 1577 524 1606 ‘
555 1573 822 1656 Populo
881 1572 1192 1637 Romano
1248 1574 1318 1638 in
1370 1592 1492 1637 suo
1557 1572 1732 1656 jurec
1780 1571 2103 1655 Mpediri.
2229 1567 2492 1633 AEduos
2532 1566 2717 1645 sibi,

504 1677 524 1707 ‘
556 1675 869 1758 quoniam
896 1674 1052 1738 belli
1102 1671 1427 1739 fortunam
1474 1678 1836 1739 tentassent
1881 1677 1952 1737 et
1995 1672 2198 1737 armis
2244 1669 2581 1753 congressi
2627 1668 2717 1734 ac'

505 1780 525 1810 ‘
552 1779 847 1863 superati
875 1783 1115 1856 essent,
1146 1777 1610 1862 stipendiarios
1638 1796 1786 1841 esse
1811 1776 2048 1841 factos.
2138 1773 2455 1857 Magnam
2482 1770 2721 1836 Caesa-

507 1883 527 1912 ‘
556 1900 693 1945 rem
720 1882 1034 1966 injuriam
1062 1876 1303 1959 facere,
1347 1881 1465 1965 qui
1495 1900 1618 1945 suo
1657 1879 1951 1944 adventu
1988 1872 2343 1958 vectigalia
2372 1876 2505 1939 sibi
2531 1875 2720 1940 dete-

506 1988 527 2016 ‘
558 1984 738 2048 riora
765 1984 1117 2048 faceret.¹⁵³
1210 1982 1454 2048 AEduis
1488 2002 1563 2047 se
1590 1982 1859 2048 obsides
1895 1980 2305 2045 redditurum
2331 1973 2495 2042 non‘¹
2536 1995 2718 2055 esse,

507 2091 527 2119 ‘
556 2104 774 2169 neque
801 2086 907 2164 iis,
937 2104 1153 2168 neque
1181 2103 1410 2150 eorum
1435 2084 1640 2150 sociis
1684 2083 1953 2168 injuria⁰
1993 2083 2239 2147 bellum
2264 2082 2617 2157 illaturum,
2649 2078 2721 2144 si

509 2193 529 2241 ἕ
555 2190 623 2253 in
650 2204 732 2252 eo
757 2191 1112 2265 manerent,
1145 2186 1327 2272 quod
1371 2169 2406 2270 convenissetfstipendiumque
2432 2189 2720 2267 quotan-

508 2295 528 2324 ‘
557 2290 663 2355 nis
691 2288 1044 2375 penderent
1062 2297 1112 2355 :⁸
1170 2290 1228 2353 si
1257 2290 1326 2354 id
1349 2309 1483 2354 non
1508 2290 1844 2367 fecissent,
1873 2289 2068 2371 longe
2094 2284 2209 2353 iis¹¹
2225 2293 2316 2336 ¹⁵4
2356 2287 2720 2352 fraternum

507 2396 527 2425 ‘
555 2413 795 2458 nomen
829 2393 1074 2479 Populi
1108 2391 1402 2458 Romani
1450 2392 1825 2458 affuturum.
1938 2389 2138 2469 Quod
2166 2389 2299 2454 sibi
2328 2387 2556 2455 Caesar
2598 2387 2721 2451 de·

508 2496 528 2526 ‘
557 2497 921 2576 nunciaret,
951 2516 1022 2562 se
1052 2496 1424 2562 AEduorum
1465 2496 1743 2582 injurias
1789 2514 1920 2559 non
1949 2494 2449 2576 ,neglecturum3
2509 2490 2721 2558 nemi-

1432 2674 1461 2694 O
1467 2673 1792 2693 0010000001Ιῦ

510 2817 575 2827 ·-
574 2796 673 2839 *ιιι
693 2792 833 2842 hiv.
853 2798 978 2843 tert.
995 2792 1062 2843 G.
1064 2767 1458 2845 -ὓοοπειιουίεεε
1482 2795 1629 2846 Carr.
1651 2794 1868 2845 Duk.-—-
1866 2793 2017 2871 “jure
2036 2787 2184 2844 deest
2208 2795 2351 2844 Carr.
2377 2791 2522 2842 an.
2548 2790 2713 2840 male·

510 2855 664 2916 paulo
688 2863 809 2905 ante
842 2871 941 2906 sese
964 2872 1059 2921 pro
1079 2873 1130 2907 se
1152 2858 1294 2908 edidi
1316 2874 1382 2909 ex
1416 2859 1482 2908 Β.
1507 2874 1588 2924 pr.
1607 2866 1666 2910 et
1686 2874 1791 2911 sec.
1791 2858 1882 2898 —d
1914 2845 2107 2909 minime
2125 2873 2271 2923 neque
2297 2861 2397 2909 &1:-
2434 2858 2500 2906 Β.
2523 2860 2722 2906 tert.—

509 2999 556 3045 p
510 2920 1391 3053 erzsssesxb‘fflezz·
1393 2922 2212 3081 ἰῇειτιψεειξὲιὶηξῑιεῐ
2225 2921 2514 3050 meg·
2502 2927 2725 3038 we

1494 3120 1731 3174 ‘NOTAE'

580 3235 674 3281 152
710 3232 846 3289 Quod
883 3238 1116 3287 commodo
1146 3238 1292 3303 reip.]
1335 3240 1576 3294 solennis
1725 3243 1821 3291 153
1860 3237 2125 3301 Vectigalia
2144 3237 2492 3288 sibideterim
2506 3237 2723 3302 faceret]

511 3309 625 3359 haee
649 3310 702 3359 in
725 3311 933 3375 publica
951 3328 1009 3363 re
1033 3315 1294 3379 mandata}
1312 3332 1408 3367 nec
1428 3318 1578 3367 omit·
1660 3316 1810 3374 Cumt
1824 3314 2091 3366 obsidibus
2124 3316 2191 3365 ab
2234 3314 2415 3366 AEduis
2454 3313 2724 3365 Ariovisto

513 3386 671 3436 tenda
701 3390 963 3454 exceptio,
994 3406 1080 3456 ne,
1114 3394 1435 3457 temporibus
1469 3409 1577 3445 mu-

513 3463 656 3535 tatis,
709 3465 845 3529 qnod
888 3481 921 3515 a
965 3469 1158 3531 populo
1199 3469 1253 3518 in
1311 3471 1577 3535 publicum

513 3541 838 3590 commodum
892 3550 1220 3609 *praeceptum
1279 3544 1470 3610 fuerat,
1522 3546 1577 3596 in

516 3613 800 3677 perniciem
851 3624 1165 3670 verteretur.
1236 3621 1430 3689 'Atque
1479 3625 1577 3675 hoe

515 3690 759 3741 mandato
805 3694 939 3757 qnod
999 3697 1220 3749 Senatus
1275 3701 1578 3766 censuisset,

514 3767 683 3830 nixus,
716 3769 907 3819 beilum
943 3772 1149 3825 indixit.
1238 3777 1455 3828 Grotius
1500 3786 1576 3829 ta-

515 3857 634 3893 men
654 3844 745 3894 lib.
769 3849 829 3896 de
862 3849 986 3899 Jure
1019 3850 1127 3901 belli
1148 3858 1196 3902 et
1224 3855 1376 3918 pacis,
1405 3855 1578 3904 existi-

515 3927 625 3971 mat
654 3922 1047 3976 denuntiatione
1077 3944 1211 3979 nova
1233 3946 1265 3979 a
1296 3932 1488 3994 populo
1511 3932 1575 3980 R.

514 3994 674 4047 fuisse
715 4015 860 4063 opus,
909 4004 1045 4067 quod
1088 4004 1383 4056 Ariovistus
1439 4022 1575 4057 novo

516 4072 656 4122 bello
696 4075 888 4129 AEduos
933 4094 1034 4129 non
1080 4083 1379 4146 lacesseret,
1415 4089 1574 4149 atque

516 4148 647 4199 adeo
671 4151 890 4203 Caesaris
914 4154 1103 4206 bellum
1127 4155 1284 4207 fuisse
1307 4160 1573 4223 injustum,

513 4226 799 4278 contendit.
864 4230 968 4281 Sed
1007 4238 1153 4286 certe
1190 4235 1321 4288 maie
1344 4242 1576 4302 eoeptum

516 4301 647 4356 bene
670 4306 841 4382 cessit.

1655 3392 1797 3444 datis
1818 3398 2030 3443 cantum
2051 3397 2195 3443 esset
2226 3391 2582 3455 vectigalibus,
2601 3406 2723 3456 quae

1656 3470 1722 3520 ab
1763 3469 1886 3534 ipsis
1927 3469 2240 3533 accipiebat,
2284 3468 2503 3520 redditis
2534 3467 2723 3519 iisdem

1659 3547 1878 3598 Caesaris
1923 3560 2079 3598 cansa
2117 3546 2403 3609 obsidibus,
2440 3545 2724 3596 tollebatur

1658 3624 1870 3687 cantio,
1887 3629 2045 3689 atque
2063 3623 2199 3695 adeo
2228 3623 2493 3674 deteriora
2522 3620 2723 3671 flebant

1657 3700 1946 3763 vectigalia.

1723 3780 1820 3826 154
1852 3776 2015 3838 Longe
2046 3777 2127 3840 iic,
2156 3778 2265 3841 ξω]
2308 3778 2535 3842 Elegans
2575 3778 2720 3828 locu·

1659 3851 1771 3914 tio;
1822 3854 1941 3917 quia
1976 3869 2093 3919 quoe
2114 3861 2252 3908 ,sunt
2295 3855 2578 3919 longinqua
2616 3867 2722 3904 non

1659 3928 1828 3978 solent
1850 3929 2129 3993 prodeam
2165 3930 2311 3994 cujus
2335 3946 2435 3982 non
2460 3932 2609 3984 deest
2629 3945 2720 3981 ex-

1658 4007 1885 4069 emplum
1905 4007 2047 4072 apud
2068 4007 2217 4072 Virg.
2249 4010 2265 4037 ⁴
2285 4010 2464 4073 Longe
2492 4008 2569 4058 illi
2601 4010 2723 4058 Dea

1655 4089 1824 4133 mater
1835 4083 1979 4134 ‚er-it!
2011 4085 2086 4136 Et
2098 4084 2236 4149 apud
2253 4082 2489 4142 Florum:
2513 4084 2719 4147 ‘Longe

1654 4158 1731 4208 iui
1765 4160 1955 4224 triplex
1967 4175 2152 4212 ¹murus
2174 4161 2497 4228 totidemque
2517 4174 2664 4212 arces
2682 4158 2720 4221 5’

1654 4235 1721 4285 de
1739 4236 2029 4300 Syracusis.
