3017 4950
454 393 500 457 6
1375 404 1792 456 nunu-1⁸10.

457 563 526 624 et
553 559 862 643 amplius,
888 576 1094 625 annos
1142 559 1479 639 vivebant,
1526 556 1769 645 nemp‘e
1812 554 2097 643 Ioannis
2142 556 2664 641 Salisberiensis,

456 661 797 726 Vincentii
845 662 1134 727 auctoris
1176 663 1454 747 speculi,
1503 660 1824 729 Roderici
1869 661 2126 728 Sanctii
2166 669 2234 728 et
2282 661 2666 746 Margaritae

460 763 806 849 cujusdam
834 762 1164 844 Poeticae,
1207 785 1360 850 quae
1388 765 1656 849 farrago
1684 772 1789 832 est
1814 767 2284 831 sententiarum
2311 784 2402 830 ex
2429 762 2669 830 Poetis

459 865 745 951 aliisque
774 865 1227 946 collectarum,
1276 886 1319 933 a
1349 871 1592 953 quibus
1622 868 1932 954 quaeda'm
1962 870 2045 933 de
2074 867 2344 934 Caesare
2382 865 2669 931 referun-

456 972 561 1033 tur
597 973 915 1052 tanquam
960 968 1006 1033 J
1008 969 1130 1033 ulii
1181 968 1362 1036 Celsi
1403 972 1713 1039 auctoris.
1798 969 2054 1036 Verum
2089 969 2260 1034 hunc
2289 954 2669 1051 scrupulum

457 1070 695 1136 eximit
722 1069 1061 1136 Gerardus
1106 1069 1404 1136 Joannes
1433 1071 1748 1150 Vossius,
1786 1073 1903 1156 qui
1933 1070 2116 1136 Celsi
2149 1068 2670 1136 Commentarios

450 1170 538 1246 δὶς
575 1173 668 1234 διὰ
704 1178 903 1236 πασῶν
948 1172 1207 1255 differre
1251 1194 1295 1239 a
1349 1173 1858 1241 Commentariis
1905 1172 2197 1241 Caesaris
2247 1172 2494 1257 prodit,
2547 1175 2569 1207 ‘
2597 1175 2674 1238 ut

450 1274 726 1354 sciunt}
776 1275 1014 1359 inquit,
1060 1281 1081 1310 ‘
1111 1277 1171 1341 si
1217 1279 1334 1361 qui
1369 1298 1524 1343 cum
1552 1275 1826 1344 Caesare
1872 1277 2269 1344 contulerint
2313 1274 2671 1340 editionem

464 1375 646 1443 Celsi
685 1379 843 1443 anni
886 1380 1196 1446 crocccc
1214 1380 1523 1446 nxxm?
1588 1382 1781 1465 cujus
1826 1382 2076 1447 nullam
2120 1398 2164 1445 a
2208 1377 2510 1465 Gesnero
2556 1380 2674 1441 aut

463 1478 746 1546 Simle'ro
796 1483 1193 1547 mentionem
1256 1481 1511 1549 factam
1559 1484 1854 1562 miratur,
1910 1482 2108 1567 cujus
2159 1486 2228 1547 et
2278 1478 2673 1564 particulam

461 1601 614 1647 esse
672 1584 908 1649 scribit
954 1583 1392 1668 fragmentum
1441 1582 1606 1651 illud
1666 1585 2126 1663 Petavianum,
2184 1604 2228 1649 a
2276 1579 2675 1667 quibusdam

463 1682 844 1755 Petrarchae
902 1688 1318 1771 assignatum
1389 1687 1473 1777 de
1530 1688 1709 1754 bello
1772 1686 2236 1773 Hispaniensi,
2312 1682 2496 1769 quod
2549 1695 2675 1747 nos

460 1786 532 1850 in
587 1787 719 1853 hac
777 1787 1064 1852 editione
1121 1789 1292 1854 libr'o
1339 1787 1423 1853 de
1488 1788 1670 1854 bello
1741 1788 2181 1874 Hispaniensi
2237 1783 2674 1851 subdidimus.

464 1886 711 1955 Addit:
770 1893 792 1925 ‘
821 1889 1096 1956 Interim
1164 1891 1444 1957 fatemur
1517 1891 1786 1957 Celsum
1855 1912 1988 1955 non
2058 1886 2314 1955 tantum
2387 1884 2677 1953 Caesaris

465 1982 655 2072 ge'sta
717 1993 1219 2077 conscripsisse,
1285 1994 1406 2059 sed
1473 2000 1543 2060 et
1600 1994 2123 2060 Commentarios
2181 1989 2479 2055 Caesaris
2536 1989 2677 2053 sive

464 2094 872 2158 recensuisse
939 2095 1080 2160 sive
1132 2095 1535 2181 corrupisse.
1643 2095 1835 2161 Certe
1884 2096 1953 2159 in
2005 2092 2161 2158 MS.
2213 2112 2365 2157 meo
2412 2090 2681 2157 Caesare

469 2194 826 2281 Hirtioque
870 2202 968 2263 ter
1000 2195 1226 2262 Julius
1267 2196 1734 2263 Constantinus
1764 2196 1918 2263 VC.
1947 2194 2229 2280 legitur?
2316 2193 2504 2277 Ergo*
2520 2197 2681 2258 ver‘o

466 2296 682 2364 fateor
729 2296 837 2363 me
895 2298 1225 2385 ejusmodi
1277 2299 1459 2365 Celsi
1515 2299 1866 2367 editionem
1924 2319 2034 2365 an.
2082 2311 2680 2363 croccccnxxun

465 2399 733 2484 factam,
794 2404 1100 2488 quamvis
1161 2404 1395 2469 sedulo
1441 2404 1512 2468 in
1564 2403 1999 2469 celeberrimis
2045 2400 2488 2466 Bibliothecis
2533 2399 2683 2485 per-

469 2505 785 2590 quisitam
838 2528 971 2573 non
1027 2510 1397 2591 invenisse3
1474 2530 1581 2574 me
1649 2514 1869 2573 tamen
1923 2513 2166 2592 praeter
2219 2504 2683 2598 auctoritatem

447 2608 844 2677 ‘doctissimi
870 2614 998 2677 viri
1046 2634 1198 2697 quae
1227 2614 1461 2678 merito
1499 2614 1718 2696 magni
1747 2613 1832 2677 ab
1862 2612 2170 2676 omnibus
2215 2608 2522 2674 facienda
2559 2610 2681 2684 est,

468 2711 538 2774 in
587 2732 737 2777 eam
787 2714 1165 2798 opinionem
1210 2714 1452 2779 adduci
1502 2719 1847 2778 venustate
1899 2713 2053 2796 styli
2099 2716 2175 2776 ut
2222 2709 2507 2789 credam,
2561 2709 2685 2773 hos

473 2835 646 2898 quos
692 2818 764 2881 'm
809 2818 1117 2882 manibus
1161 2818 1508 2897 habemuS,
1564 2819 1886 2902 genuinos
1938 2826 2084 2881 esse
2143 2815 2440 2882 Caesaris
2486 2811 2686 2879 Com-

471 2919 847 3008 mentatioS,
893 2919 978 2983 de
1023 2919 1268 3002 quibus
1315 2925 1459 2984 tum
1510 2918 1773 2998 Cicero,
1819 2924 1960 2984 tum
2007 2918 2274 2983 Hirtius
2320 2924 2461 2983 tam
2501 2917 2688 2982 lucu²

469 3022 649 3085 lenta
676 3020 881 3086 edunt
917 3022 1316 3087 testimonia.
1408 3020 1597 3086 Nihil
1635 3023 1809 3085 enim
1841 3021 1976 3086 illis
2005 3020 2269 3099 tersiuS,
2310 3019 2474 3084 nihil
2501 3036 2688 3083 mun-

472 3122 642 3206 dius,
683 3122 847 3186 nihil
874 3123 1187 3187 Latinum
1215 3126 1451 3209 magis,
1492 3129 1597 3204 'ut,
1645 3126 1705 3189 si
1729 3124 1894 3188 nulli
1925 3124 2165 3189 fuisset
2191 3124 2394 3187 etiam
2420 3122 2687 3206 paginae

472 3226 937 3308 praescriptum
967 3222 1549 3306 Caesaris'nomen,
1585 3234 1806 3293 tamen
1836 3247 1879 3292 a
1908 3227 2168 3292 Latinae
2197 3226 2442 3310 linguae
2475 3225 2691 3289 scien-

472 3326 654 3392 tibus
706 3327 861 3392 illos
918 3326 1212 3396 Caesaris
1271 3349 1417 3395 esse
1473 3331 1852 3395 nullatenus
1907 3329 2197 3395 dubitari
2252 3332 2506 3414 posset.
2610 3326 2694 3390 In

474 3448 755 3494 errorem
792 3430 1090 3495 homines
1132 3431 1537 3498 induxerunt
1565 3433 1771 3499 MSS.
1821 3433 2096 3518 quidam
2123 3432 2297 3497 tituli
2326 3449 2498 3516 quos
2525 3429 2693 3494 indi-

479 3550 630 3595 care
677 3553 809 3597 non
860 3536 1130 3618 pigebit,
1193 3540 1268 3600 ut
1309 3536 1475 3602 ferat
1517 3536 1816 3602 eruditus
1864 3538 2015 3621 ipse
2063 3535 2306 3599 Lector
2343 3532 2692 3618 judicium.

483 3633 710 3700 MSR.
760 3636 910 3701 cod.
963 3637 1157 3723 cujus
1203 3640 1421 3722 prima
1464 3641 1716 3725 pagina
1760 3637 2028 3704 Claudii
2073 3637 2358 3701 Puteani
2405 3636 2578 3719 ipsa,
2622 3637 2697 3697 ut

476 3736 757 3814 videtur,
800 3738 1015 3822 ipsius
1062 3759 1255 3803 manu
1314 3742 1637 3826 inscripta
1674 3747 1780 3805 est
1815 3742 2099 3819 nomine,
2146 3740 2318 3826 hunc
2362 3738 2565 3802 habet
2611 3735 2695 3800 ti-

481 3840 689 3905 tulum
741 3841 957 3927 rubris
1004 3843 1210 3906 literis
1261 3844 1648 3927 ascriptum,
1695 3847 1717 3877 ‘
1740 3842 1786 3907 J
1788 3844 1905 3907 ulii
1953 3842 2246 3907 Caesaris
2278 3839 2695 3909 Commentae

480 3940 725 4005 riorum
781 3943 936 4005 belli
994 3942 1242 4009 Gallici
1297 3944 1467 4009 liber
1537 3947 1792 4029 primus
1848 3942 2102 4029 incipit,
2176 3944 2396 4007 Julius
2457 3939 2694 4005 Celsus

484 4039 956 4110 Constantinus
1038 4046 1164 4111 Vir
1214 4045 1640 4112 Clarissimus
1697 4033 2115 4111 emendavit!
2230 4039 2418 4108 'Alter
2467 4037 2692 4104 MSR.

485 4143 703 4210 codex
747 4148 865 4230 qui
908 4150 1114 4214 libros
1162 4147 1417 4214 tantum
1473 4148 1555 4213 de
1610 4149 1791 4214 bello
1837 4145 2108 4211 Gallico
2163 4144 2364 4207 habet
2416 4145 2693 4224 septem,
