3017 4950
490 435 622 504 222

581 593 761 662 tandi
800 614 986 658 causa
1056 591 1273 656 castris
1323 587 1547 676 egressi
1565 612 1587 653 .·
1669 585 2096 653 Romanorum
2168 595 2368 653 terror
2422 581 2703 650 adventu

586 696 845 762 Coesaris
870 692 1171 760 sublatus.
1227 694 1338 759 43.
1381 688 1707 755 Eburones
1729 691 1926 754 denuo
1975 689 2203 756 vexati.
2268 690 2381 755 44.
2419 683 2704 755 Qumtio

579 800 655 865 de
712 796 1136 886 conjuratione
1195 793 1502 861 Senonum
1559 793 1850 875 instituta
1875 818 1895 858 .-
1964 791 2235 858 Accom’s
2289 789 2706 878 supplicium:

581 901 856 990 hyberna
889 898 1150 967 Caesaris
1174 923 1193 961 .·
1253 898 1376 962 iter
1402 898 1467 963 in
1498 895 1785 967 Italiam.

1105 448 1171 497 G.
1216 447 1277 496 J.
1322 444 1653 495 CAESARIS
1700 442 2090 493 oouMBN'r.

501 1365 844 1464 Munius
917 1384 1003 1454 de
1086 1390 1308 1455 causis
1380 1388 1666 1465 Caesar?
1735 1385 2057 1472 majorem
2134 1384 2375 1452 Galliae
2449 1391 2717 1453 motum

504 1499 889 1579 expectanS,
945 1512 1063 1576 per
1120 1491 1223 1575 Μ.
1270 1488 1638 1568 Silanum,¹'
1712 1487 1793 1554 C.
1854 1487 2220 1555 Antistium
2244 1497 2263 1526 ¹
2342 1487 2714 1570 Reginum,

501 1590 586 1659 Τ.
613 1592 968 1672 Sextium,‘²
1016 1593 1294 1678 legatos»,
1342 1592 1653 1658 dilectum
1678 1591 1920 1656 habere
1951 1592 2274 1657 instituit:
2322 1590 2519 1656 simul
2571 1590 2666 1655 ab
2690 1585 2717 1626 ‘¹

506 1694 629 1761 Cn.
684 1695 1011 1781 Pompeio
1062 1697 1454 1780 proconsule
1476 1702 1501 1731 ²
1565 1696 1779 1780 petit„
1802 1694 2113 1779 quoniam
2158 1696 2307 1778 ipse
2350 1693 2436 1757 ad
2480 1694 2720 1758 urbem

500 1817 652 1863 cum
696 1799 977 1883 imperio
1005 1798 1396 1883 reipublicae
1428 1816 1637 1863 causa
1662 1802 2052 1875 remaneret,
2101 1815 2271 1879 quos
2287 1802 2312 1830 ⁶
2355 1788 2443 1859 e‘x
2491 1792 2722 1859 Cisal-

499 1900 660 1982 pina
718 1899 945 1965 Gallia
962 1909 983 1947 ³
1072 1901 1363 1965 consulis
1414 1886 1825 1964 sacramento
1847 1906 1879 1946 4
1938 1899 2330 1981 rogavisset,
2388 1896 2475 1961 ad
2522 1898 2724 1980 signa

1426 2081 1485 2099 00
1488 2080 1693 2100 OOOOOOO
1695 2079 1786 2101 m

567 2199 592 2226 ⁸
618 2194 830 2245 Multum
855 2197 979 2246 Coes.
1001 2198 1064 2248 L.
1087 2196 1257 2261 pr.—¹’
1278 2197 1389 2250 Sill.
1412 2205 1470 2249 et
1490 2200 1736 2264 Syllanam
1761 2198 1892 2251 Mss.
1912 2202 1968 2247 et
1983 2195 2120 2247 Edd.
2140 2194 2266 2260 qdd.
2282 2192 2536 2243 Silvanum
2556 2192 2622 2241 L.
2639 2204 2722 2255 pr.

506 2265 593 2295 ——0
616 2259 819 2310 Sextum
842 2262 972 2313 Mss.
1006 2267 1055 2314 2.
1089 2262 1296 2314 Sestium
1313 2266 1444 2315 Lov.
1475 2267 1644 2316 Dor-V.
1679 2264 1780 2314 Ed.
1812 2269 1933 2328 post
1968 2261 2065 2311 Gr.
2084 2261 2234 2310 male.
2267 2273 2369 2309 vn.
2392 2262 2475 2308 49.
2513 2270 2648 2307 vul.
2671 2259 2721 2306 2.

504 2322 665 2374 Sestio
686 2331 742 2374 et
762 2325 935 2377 Sextia
956 2335 1077 2380 sunt
1100 2330 1416 2381 diversarum
1451 2331 1685 2396 gentium
1706 2326 2024 2380 nomina.---‘¹
2041 2341 2074 2376 α
2110 2327 2239 2375 Mss.
2270 2332 2327 2375 et
2358 2323 2495 2374 Edu.
2561 2322 2725 2372 dd.—

503 2379 534 2420 “e
553 2392 672 2453 ‘Imul
693 2391 752 2442 1¹·
778 2406 859 2456 Pl*-
883 2394 1041 2458 vulgo
1083 2395 1395 2446 munerea—f
1409 2397 1568 2446 venire
1603 2396 1770 2446 Dorv.
1807 2393 1944 2444 Edd.
1984 2393 2049 2443 R.
2069 2391 2147 2443 Μ.
2166 2390 2325 2441 V,.-s
2342 2389 2494 2439 deest
2524 2338 2643 2438 {ov
2660 2413 2728 2424 —

1505 2560 1720 2612 NOTAE
2287 2575 2347 2604 -u

573 2669 601 2715 1
639 2667 740 2717 Per
782 2670 859 2720 Μ.
883 2671 1138 2740 ’Siluarum
1185 2676 1244 2724 C.
1281 2675 1571 2738 Antistium,
1652 2673 1943 2736 obtinebat,
1974 2670 2050 2721 illi
2073 2674 2188 2722 erat
2224 2675 2378 2721 extra
2409 2668 2596 2719 urbem
2637 2666 2726 2716 de-

503 2742 609 2806 ᾀο]
671 2745 745 2793 Hi
768 2746 928 2810 legati
956 2749 1031 2799 sic
1055 2765 1266 2815 operam
1288 2767 1380 2802 suo
1410 2754 1574 2818 impe·
1638 2749 1896 2815 ¹gendum,
1919 2762 2090 2813 neque
2110 2746 2307 2798 licebat
2326 2745 2426 2811 ipsi
2456 2745 2514 2794 in
2535 2743 2726 2793 urbem

507 2816 672 2868 ratori
691 2818 905 2883 dabant,
921 2830 982 2873 nt
1004 2827 1110 2876 suis
1130 2832 1301 2877 tamen
1317 2829 1575 2895 conquisi-
1651 2828 1868 2889 intrare,
1889 2825 1990 2875 nisi
2010 2824 2358 2889 triumpharet
2391 2828 2484 2872 aut
2516 2821 2728 2886 imperi·

508 2893 709 2945 toribus
732 2911 834 2947 non
857 2908 1115 2965 carerent,
1139 2903 1227 2968 qui
1248 2904 1313 2954 ad
1336 2921 1392 2956 se
1416 2905 1575 2954 addu-

509 2968 705 3021 cebant
726 2972 1057 3038 juventutem
1080 2981 1413 3046 sacramentis
1448 2981 1575 3030 mili-

509 3046 708 3098 taribus
729 3049 1111 3114 implicandum.

575 3127 609 3173 2
640 3126 719 3176 Ab
744 3128 834 3177 Cu.
853 3130 1078 3194 Pompeio
1094 3135 1390 3199 proconsule]
1421 3136 1575 3185 Pom-

509 3200 657 3263 peius
679 3203 816 3254 enim
853 3221 970 3256 cum
1006 3208 1084 3259 M.
1110 3210 1293 3261 Crasso
1328 3227 1460 3261 anno
1497 3228 1577 3262 su-

509 3277 716 3340 periore
738 3284 916 3331 consul
936 3281 1107 3336 fuerat
1123 3304 1139 3347 3
1157 3275 1309 3353 eique
1326 3295 1443 3337 cum
1461 3303 1580 3352 pro-

508 3351 679 3425 yincia
689 3356 957 3422 Hispaniae
969 3361 1263 3414 obvenisset
1276 3365 1579 3427 consularis,

512 3436 728 3494 propter
778 3447 935 3484 novos
980 3438 1228 3502 quosdam
1273 3437 1412 3489 illius
1459 3456 1578 3504 pro-

510 3505 696 3558 vinciae
715 3518 904 3576 motus,
923 3513 1038 3578 lege
1057 3516 1215 3565 latum
1240 3523 1336 3578 est,
1354 3525 1412 3567 ut
1431 3518 1577 3570 illam

512 3597 610 3648 per
648 3586 1046 3652 quinquennium
1082 3593 1362 3656 obtineret,
1405 3595 1578 3646 delec-

513 3667 728 3727 tumque
773 3670 878 3713 tam
924 3666 978 3715 in
1017 3669 1143 3718 urbe
1181 3686 1332 3736 quam
1368 3671 1423 3720 in
1463 3680 1579 3722 tota

513 3738 670 3790 Italia
696 3740 945 3804 baberet3
986 3760 1138 3809 quem
1162 3761 1345 3797 revera
1379 3747 1577 3808 babuit,

513 3817 731 3869 dimissis
755 3835 872 3880 cum
912 3836 1005 3885 per
1027 3823 1152 3873 alias
1186 3825 1355 3875 Italiae
1381 3831 1578 3889 partes,

513 3898 626 3945 tum
658 3911 752 3961 per
777 3895 996 3947 Galliam
1032 3899 1350 3964 Cisalpinam
1374 3902 1579 3965 legatis,

514 3968 605 4020 ubi
647 3975 813 4035 rogati
854 3981 976 4024 sunt
1011 3985 1337 4030 sacramento
1371 3980 1580 4031 milites.

514 4046 691 4098 Nihilo
713 4052 882 4102 secius
906 4068 1019 4102 curn
1043 4055 1277 4106 mitiores
1299 4063 1476 4107 essent
1508 4059 1582 4107 al-

512 4122 609 4173 lati
633 4139 718 4174 ex
761 4127 1016 4191 Hispania
1058 4132 1244 4196 nuntii,
1290 4134 1355 4183 ad
1397 4134 1581 4185 urbem

414 4262 422 4266 -
514 4202 908 4265 sequentianno
945 4211 1222 4270 proconsul
1243 4211 1447 4275 mansit,
1469 4212 1579 4261 susss

1653 2920 1742 2954 um
1775 2905 2084 2968 deponeret.·
2147 2902 2324 2967 Atque
2365 2901 2478 2952 haec
2512 2901 2727 2967 quidem

1653 2982 1731 3031 rei
1753 2980 2103 3031 frumentariae
2129 2996 2258 3031 cura
2285 2981 2457 3043 palam
2480 2978 2728 3029 ostende·

1654 3058 1827 3108 batur.
1878 3058 1999 3107 ‘Sed
2033 3057 2188 3108 aliam
2211 3055 2372 3107 refert
2407 3056 2727 3105 Plutarchus

1654 3135 1708 3185 in
1747 3135 1855 3200 ejus
1909 3135 2039 3199 vita,
2075 3135 2212 3200 quod
2265 3134 2467 3184 scilicet
2509 3144 2727 3181 uxorem

1654 3210 1849 3264 Juliam
1868 3212 1952 3260 vel
1973 3216 2190 3273 amaret,
2227 3212 2310 3260 vel
2349 3213 2728 3259 amantemre-

1656 3290 1893 3354 linquere
1915 3303 2018 3339 non
2043 3288 2345 3338 sustineret.
2424 3286 2728 3349 Rogaverat
2766 3327 2779 3334 -

1606 3418 1617 3425 ,
1661 3382 1785 3431 ergo
1801 3371 2127 3416 sacramento
2149 3365 2344 3415 milites
2375 3377 2511 3413 anno
2532 3362 2732 3429 superi-

1660 3458 1749 3494 ore
1785 3459 1900 3494 cum
1925 3443 2301 3503 esset'consu13
2327 3456 2389 3491 eo
2413 3455 2540 3492 vero
2572 3454 2726 3501 anno,

1660 3520 1968 3585 quo-milites
1991 3520 2055 3570 ab
2074 3534 2137 3570 eo
2151 3520 2305 3584 petiit
2315 3518 2511 3580 Coessr,
2528 3524 2649 3578 erat
2664 3514 2729 3566 ad

1658 3597 1840 3647 urbem
1863 3597 2159 3661 proconsul,
2171 3598 2283 3662 jam
2307 3598 2522 3660 expleto
2544 3609 2726 3646 consu·

1658 3673 1786 3724 lat'u.

1725 3754 1754 3799 3
1792 3750 1876 3799 Ex
1923 3749 2167 3814 Cisalpina
2209 3748 2396 3813 Gallia]
2460 3748 2548 3799 Sic
2590 3749 2728 3800 dicta

1659 3826 1800 3891 quod
1845 3826 1915 3875 sit
1950 3833 2194 3891 respectu
2229 3828 2409 3876 Romae
2448 3826 2523 3876 cis
2563 3825 2728 3891 Alpes

1658 3903 1863 3965 βοείαις
1899 3903 1998 3951 alio
2021 3904 2225 3953 nomine
2257 3904 2479 3953 citerior
2518 3903 2727 3953 dicitur.

1659 3979 2015 4030 Dividebatur
2031 3979 2086 4029 in
2100 3980 2532 4043 Transpadanam
2550 3985 2609 4032 et
2627 3980 2728 4032 Cis·

1660 4056 1933 4120 padanam.
2002 4057 2178 4107 Hodie
2197 4057 2500 4107 Lombardia.
2672 4065 2679 4070 “

1725 4138 1775 4184 4
1795 4136 2013 4184 Consulis
2032 4138 2344 4201 sacramento]
2394 4136 2523 4199 Ejus
2538 4134 2724 4186 formu-

1660 4212 1765 4261 lam
1787 4210 1955 4263 refert
1990 4213 2167 4264 Livius
2207 4214 2298 4264 lib.
2320 4226 2462 4263 xxn.
2530 4213 2723 4263 Milites

512 4283 671 4340 cepta
701 4280 778 4329 rei
807 4279 1158 4335 frumentaria
1199 4302 1343 4350 cura,
1384 4303 1487 4339 non
1524 4290 1579 4338 in
1647 4286 1802 4349 jussu
1843 4288 2111 4338 consulum
2155 4296 2524 4352 conventuros,
2562 4293 2727 4350 mque

509 4350 666 4442 urbe,
728 4355 853 4419 quia
896 4356 1203 4425 quicumque
1262 4363 1579 4428 provinciam
1657 4364 1855 4430 injussu
1901 4366 2167 4417 abituros:
2220 4367 2347 4417 item
2386 4364 2526 4429 fugae
2570 4349 2724 4429 atque
