3017 4950
2281 385 2421 455 w

214 547 589 626 mdorum.
679 547 854 616 Mihi
881 566 967 614 ne
1008 548 1175 614 illud
1203 544 1491 634 quidem¹
1520 547 1821 629 accidit,⁹
1849 555 1926 615 ut
1950 548 2417 646 &exandi-ino

211 659 402 738 atque
429 650 747 730 Africano
795 654 974 719 bello
1026 654 1436 727 interessem:
1502 673 1654 738 quae
1700 653 1876 719 bella
1916 673 2298 740 quanquam
2324 678 2415 724 ex

211 762 390 843 parte
435 755 630 822 nobis
680 754 974 823 Caesaris
1016 776 1317 823 sermone
1344 757 1473 822 sint
1514 762 1710 838 nota3
1771 763 1992 825 tamen
2017 759 2205 824 aliter
2226 760 2415 826 audi·-

210 882 355 932 mus
381 883 486 948 ea,
529 883 685 948 quae
726 882 941 928 rerum
986 863 1284 929 novitate
1329 866 1446 928 aut
1490 859 1932 928 admiratione
1968 882 2094 928 nos
2123 866 2423 950 capiunt,-

213 966 420 1043 aliter‚
470 986 622 1050 quae
668 973 835 1051 pro¹¹¹
881 966 1256 1032 testimonio
1302 984 1534 1030 sumus
1578 964 1898 1060 dicturi.¹0
1994 967 2129 1032 Sed
2164 988 2287 1053 ego
2313 972 2416 1037 ni-

213 1071 466 1149 mirum,
503 1068 663 1134 dum
708 1088 940 1136 omnes
990 1069 1450 1134 excusationis
1493 1087 1737 1135 causas
1796 1070 2068 1155 colligo,
2119 1090 2203 1135 ne
2259 1089 2412 1139 cum

214 1170 476 1239 Caesare
533 1173 855 1254 conferat,
882 1174 1012 1240 hoc
1050 1175 1228 1259 ipson
1259 1173 1504 1238 crimen
1531 1173 1920 1257 arrogantiae
1968 1175 2200 1253 subeo,
2231 1174 2421 1260 quod·

212 1293 312 1338 me
328 1273 591 1359 judicio
638 1275 1034 1361 cujusquam
1082 1275 1456 1341 existimem
1484 1294 1687 1359 posse
1718 1295 1871 1342 cum
1921 1275 2191 1343 Caesare
2235 1295 2417 1344 com·

213 1379 448 1461 parari.
540 1377 741 1447 Vale.

559 400 659 452 nn
705 402 946 454 nunno
989 401 1318 454 osnmco
1351 400 1499 450 ms.
1547 401 1712 452 viu.
1757 399 1921 451 osi».
1950 387 2017 451 1.

213 1758 448 1853 oum
513 1768 747 1837 Gallia
796 1768 987 1835 devio
1084 1773 1130 1803 ¹¹
1189 1769 1420 1836 Caesar
1476 1789 1632 1835 cum
1684 1788 1729 1834 a
1778 1766 2114 1855 superiore
2179 1776 2416 1838 aestate

211 1874 453 1939 nullum
472 1872 768 1938 bellandi
794 1869 1053 1959 tempus
1070 1874 1553 1952 intermisisset,
1581 1872 1962 1957 militesque
1981 1872 2417 1957 hybernorum

213 1977 419 2059 quiete
452 1975 718 2041 reficere
747 1996 792 2041 a
834 1975 1032 2040 tantis
1076 1973 1417 2041 laboribus
1457 1975 1693 2057 vellet;
1759 1975 2138 2060 complures
2184 1974 2419 2042 eodem

212 2083 495 2164 tempore
527 2079 834 2145 civitates
872 2097 1190 2143 renovare
1233 2078 1392 2143 belli
1438 2076 1725 2143 consilia
1764 2076 2235 2172 nuntiabantur
2264 2098 2419 2147 con-

204 2180 692 2266 jurationesque
712 2181 953 2250 facere.
1045 2178 1255 2267 Cujus
1280 2182 1375 2246 rei
1396 2181 1833 2247 verisimilis¹²¹¹
1863 2199 2075 2247 causa
2102 2181 2421 2247 affereba-

213 2288 327 2366 tur,
368 2284 556 2369 quod
584 2282 803 2350 Gallis
849 2283 1156 2350 omnibus
1207 2284 1542 2367 cognitum
1566 2283 1791 2362 esset,
1833 2303 2045 2370 neque
2088 2285 2228 2350 ulla
2251 2285 2420 2349 mul-

213 2386 497 2469 titudine,
553 2387 626 2452 in
667 2406 872 2452 unum
920 2387 1141 2452 locum
1201 2392 1465 2466 coacta,
1517 2387 1734 2453 resisti
1791 2406 1994 2472 posse
2049 2386 2418 2470 Romanis3
2466 2451 2475 2458 .

1137 2546 1495 2572 “uomom

215 2646 309 2703 Ox.
323 2651 453 2704 Mox
481 2656 654 2702 notata
673 2630 908 2703 'Pet—¹·
930 2649 1083 2701 deest
1155 2665 1284 2715 raep.
1307 2651 1434 2703 Lov.
1453 2654 1622 2704 Dorv.
1645 2651 1782 2702 Edd.
1806 2651 1869 2701 R.
1890 2651 1969 2701 M.
1988 2650 2150 2700 V.—-¹¹
2171 2649 2327 2714 vulgo
2347 2649 2420 2713 ip·

213 2724 434 2770 aum.—³²¹¹
447 2718 624 2768 similis
640 2718 740 2768 veri
760 2717 829 2769 G.
849 2717 912 2768 L.
936 2723 1060 2769 tert.
1131 2752 1147 2768 .
1165 2724 1292 2769 tert.
1317 2717 1416 2769 Ed.
1442 2717 1555 2771 Ine.
1571 2731 1675 2767 non
1694 2716 1936 2768 male—⁶
1955 2720 2008 2773 at
2027 2717 2287 2769 Dorv.—-¹²
2305 2716 2420 2781 vel-

1157 2934 1172 2943 ⁸
1199 2857 1424 2910 NOTAE

1361 3032 1378 3050 ,
1419 2992 1452 3039 9
1487 2980 1695 3038 Mihin
1720 2986 1842 3036 illud
1864 2985 2055 3050 quidem
2088 2982 2282 3047 accidit,
2311 2981 2420 3051 ξω]

1352 3065 1562 3116 Bellum
1609 3061 2024 3113 Alexandrinum
2075 3067 2281 3124 gestum
2338 3064 2431 3117 ent

216 2987 359 3038 etiam
376 2986 726 3054 magnificam,
745 3004 806 3039 ac
823 3002 1125 3053 generosam
1150 3005 1275 3056 quo-

217 3062 476 3117 dammodo
506 3067 764 3116 rationem
796 3065 1007 3117 dicendi
1056 3067 1276 3121 tenere.’

216 3141 281 3193 Et
297 3144 360 3193 ad
378 3143 681 3195 Cornelium
713 3143 978 3209 Nepotem
1000 3144 1067 3194 de
1084 3144 1271 3196 eodem

215 3219 285 3271 ita
295 3222 530 3288 scripsit:
558 3223 575 3251 ‘
595 3222 734 3277 Quid
756 3223 776 3272 ἲ
818 3223 1103 3274 Orator-um
1120 3238 1272 3288 quem

214 3296 324 3349 huic
343 3307 633 3366 antepones
656 3315 855 3365 eorum,
877 3300 967 3368 qui
987 3300 1113 3350 nihil
1132 3301 1274 3351 aliud

216 3378 451 3440 egerunt?
486 3376 620 3429 Quia
643 3375 915 3427 sententiis
936 3382 1028 3426 aut
1052 3377 1273 3443 acutior,

216 3457 300 3502 aut
319 3453 587 3504 crebrior?
638 3454 767 3507 Quis
801 3452 976 3503 verbis
1010 3459 1102 3504 aut
1125 3466 1273 3505 orna·

217 3527 313 3581 tior
330 3536 419 3580 aut
438 3530 731 3595 elegantior
744 3529 777 3580 ἲ·
811 3529 1164 3583 Quintilianus
1185 3543 1273 3579 ve-

219 3618 270 3655 ro
288 3607 352 3656 de
384 3609 526 3673 ipso:
568 3607 586 3636 ⁴
608 3609 669 3659 C.
697 3621 820 3658 vero
860 3607 1040 3657 Caesar
1076 3606 1120 3657 si
1157 3604 1272 3658 foro

218 3687 406 3734 tantum
427 3691 686 3750 vacasset,
710 3699 811 3735 non
841 3683 970 3735 alius
993 3699 1059 3734 ex
1081 3685 1273 3735 nostris

219 3767 388 3811 eontra
408 3752 718 3812 Ciceronem
740 3763 1096 3812 nominaretur
1117 3777 1132 3824 ;
1165 3769 1276 3813 tan-

219 3842 270 3887 ta
286 3838 338 3888 in
354 3856 415 3891 eo
438 3842 516 3891 vis
538 3847 638 3903 est,
668 3841 722 3891 id
757 3856 993 3902 acumen,
1017 3855 1081 3891 ea
1104 3841 1276 3892 conci·

219 3915 358 3979 tatio,
384 3925 446 3967 ut
474 3919 622 3969 illum
653 3918 837 3969 eodem
873 3919 1044 3969 animo
1085 3918 1276 3969 dixisse

223 4007 314 4060 quo
346 3997 564 4047 bellavit
597 3986 866 4063 appareat,
930 3999 1168 4048 Exornat
1202 4005 1278 4054 ta-

221 4087 329 4126 men
348 4077 461 4128 haec
486 4078 660 4128 omnia
690 4078 820 4128 mira
839 4077 1105 4142 sermonis,
1127 4077 1277 4141 cujus

224 4154 417 4217 proprie
436 4154 700 4205 studiosus
713 4154 832 4221 fuit,
845 4155 1139 4219 elegantia!
1154 4157 1278 4206 Plu-

225 4231 419 4288 tarchus
439 4231 494 4288 in
516 4247 633 4282 eam
654 4231 968 4283 sententiam
982 4230 1276 4281 concedens

225 4302 292 4354 illi
302 4307 549 4360 secundas
561 4308 874 4376 eloquentiae
887 4314 1064 4381 partes
1079 4306 1278 4360 tribuit.

1352 3157 1472 3193 cum
1505 3141 1796 3192 Ptolemaeo
1829 3153 1955 3203 rege
1987 3136 2236 3202 AEgypti3
2282 3133 2425 3185 Afri-

1353 3234 1539 3270 canum
1562 3233 1679 3268 cum
1701 3215 2030 3280 Pompeianis
2049 3211 2289 3275 ducibus,
2308 3209 2420 3262 Sci-

1352 3298 1528 3364 pione,
1552 3292 1771 3358 Catone,
1793 3292 2040 3355 Labieno,
2062 3297 2117 3340 et
2139 3289 2267 3340 aliis.

1420 3381 1483 3428 10
1520 3376 1641 3433 Qua
1661 3390 1748 3440 pro
1767 3372 2035 3423 testimonio
2051 3384 2209 3419 sumus
2222 3367 2423 3435 dicturi]

1353 3454 1458 3508 Qui
1480 3453 1622 3503 enim
1642 3450 1910 3502 historiam
1932 3447 2135 3510 scribit,
2156 3445 2302 3512 quasi
2325 3460 2421 3511 pro

1351 3531 1648 3583 testimonio
1686 3530 1819 3581 dicit
1860 3544 1978 3594 quae
2029 3534 2226 3592 narrat,
2265 3533 2423 3593 atque

1352 3608 1485 3659 adeo
1508 3607 1655 3672 quasi
1669 3606 1799 3656 visa.
1830 3605 2056 3670 *ἱστορεῖν
2069 3610 2215 3656 certe
2231 3604 2422 3657 Graece

1354 3686 1535 3737 videre
1576 3690 1675 3735 est.
1741 3681 1882 3736 Quid
1919 3697 2042 3747 ergo
2084 3683 2150 3733 de
2186 3678 2289 3731 illis
2335 3680 2425 3746 qni

1356 3779 1471 3830 quae
1496 3762 1678 3813 auditu
1711 3768 2050 3828 acceperunt,
2084 3774 2225 3827 saepe
2250 3759 2318 3810 ab
2349 3760 2424 3808 in-

1356 3841 1517 3892 certis
1539 3838 1837 3891 auctoribus
1868 3846 2102 3903 narrant,
2130 3844 2186 3889 et
2221 3835 2424 3887 histori-

1356 3935 1444 3970 cos
1469 3926 1642 3970 tamen
1661 3932 1717 3968 se
1740 3917 2088 3982 profitentur?

1423 4000 1478 4045 ll
1523 3995 1670 4045 Omui
1694 3993 1860 4043 Gallia
1897 3994 2099 4054 devicte,
2129 3989 2238 4055 mu]
2271 3989 2423 4040 Anno

1356 4072 1499 4123 urbis
1519 4070 1745 4122 conditae
1764 4082 1959 4121 mecm
1978 4068 2158 4119 Servio
2179 4066 2432 4137 Sulpitio,

1357 4151 1427 4202 Q.
1462 4150 1525 4199 F.
1570 4144 1725 4211 Rufo,
1759 4153 1817 4198 et
1850 4147 1928 4197 M.
1974 4145 2211 4212 Claudio,
2250 4145 2328 4196 M.
2361 4143 2424 4199 Ρ.

1357 4226 1616 4279 Marcello
1639 4224 1952 4299 consulibus.
