3017 4950
1180 417 1246 468 0·
1286 416 1347 467 J·
1390 414 1728 467 cunnus
1773 415 2167 468 ΟΟΜΠΙΝΤ.

571 586 914 656 responsa,
914 573 973 619 ⁴⁸
1002 566 1062 634 si
1103 585 1237 652 qua
1259 565 1596 631 hominum
1631 562 1950 648 aequitate
1973 580 2083 629 res
2121 560 2214 628 ad
2235 560 2522 635 otiw-
2542 560 2742 633 deduci

574 680 829 761 posset.

661 777 730 843 6.
777 774 1116 843 Proximis
1137 774 1373 841 diebus
1393 773 1671 841 habetur
1692 770 1976 839 Senatus
1992 777 2185 838 extra
2209 771 2464 851 urbem.
2464 775 2523 818 ⁴⁵
2573 769 2744 839 Pom·

572 880 766 966 peius
786 878 1020 947 eadem
1045 878 1184 958 illa,
1206 898 1360 963 quae
1390 896 1508 961 per
1539 875 1925 960 Scipionem
1965 874 2363 953 ostenderat,
2394 874 2568 956 agit3
2551 871 2597 911 ·‘¹
2651 873 2745 939 Se-

572 986 779 1051 natus
800 982 1109 1047 virtutem
1139 979 1709 1064 constantiamque
1736 977 2110 1059 collaudat3
2170 977 2409 1062 copias
2455 994 2609 1043 suas
2651 996 2747 1043 ex·

570 1087 799 1173 polin
869 1084 1163 1168 legiones
1215 1084 1459 1149 habere
1515 1089 1688 1149 sese·
1737 1088 2006 1165 paratas
2055 1081 2330 1162 decem,
2311 1078 2390 1129 ‘⁴⁶
2459 1085 2748 1166 praetam

575 1190 911 1272 comtum
941 1194 1474 1271 compertumque
1504 1184 1656 1264 sibi,
1657 1190 1715 1235 4⁷
1748 1185 1965 1251 alieno
1991 1205 2143 1251 esse
2170 1185 2393 1253 animo
2431 1185 2506 1248 in
2550 1181 2751 1253 caesa-

575 1312 714 1369 rem
741 1292 1005 1370 milites,
1032 1310 1245 1376 neque
1292 1292 1378 1355 iis
1411 1309 1620 1375 posse
1666 1274 2073 1373 persuaderi,
2098 1286 2218 1355 utif
2248 1310 2401 1354 eum
2429 1287 2751 1353 defendant
2860 1286 2867 1293 ’

576 1400 694 1461 aut
720 1401 1105 1478 sequantur³
1134 1393 1394 1459 saltem.
1461 1391 1570 1456 De
1599 1392 1873 1476 reliquis
1900 1392 2097 1457 rebus
2126 1393 2217 1458 ad
2245 1393 2564 1458 Senatum
2589 1389 2753 1460 refer-

578 1502 686 1565 tus
706 1493 756 1564 2h
806 1502 949 1562 tota
976 1493 1193 1563 Italiai
1221 1496 1517 1563 delectus
1554 1496 1968 1579 habeantun-
2030 1495 2315 1564 Faustus
2357 1493 2603 1582 Sylla*²³
2627 1512 2753 1580 pror

1507 1662 1866 1684 0000Μο

575 1761 670 1817 Bt.
692 1761 807 1815 Pal.
827 1762 889 1814 L.
907 1775 1013 1815 sec.
1040 1763 1104 1812 B.
1117 1763 1286 1815 Dorv.
1308 1768 1364 1814 et
1388 1762 1522 1814 Edd.

578 1833 749 1892 pr.—-⁶
778 1843 828 1878 se
850 1824 1004 1877 V----r
1032 1828 1119 1878 Sic
1140 1828 1271 1878 Mss.
1307 1836 1364 1877 et
1395 1828 1531 1879 Edd.

1671 1763 2087 1828 aliseqnelemss.

1652 1835 1716 1879 tt.
1782 1844 1884 1879 nou
1920 1833 1991 1878 ut.
1994 1835 2085 1871 —8
2116 1827 2297 1891 subseq.

1555 1778 1648 1881 ’ἰῆ

2118 1774 2417 1825 perperam.
2418 1758 2515 1798 -d
2540 1759 2700 1812 deest
2709 1760 2755 1810 1..

2319 1827 2385 1877 B.
2409 1826 2473 1876 L.
2499 1840 2610 1877 sec.
2629 1826 2755 1889 vulgo

576 1890 1404 1955 deostuueme-ssrffmntmd.
1425 1893 1599 1960 pp.-¹
1630 1888 2553 1959 vulgoutl.de‘1.habeatur.utinl3.
2579 1890 2756 1945 Pal-11·

1538 2119 1547 2125 .
1570 2042 1784 2094 No'rAE

579 2160 738 2213 maris
774 2160 1032 2213 Adriatici
1070 2163 1256 2229 posita.
1325 2164 1641 2216 Umbrorum

575 2239 664 2292 alii
684 2254 796 2292 esse
819 2241 1004 2291 volunt
1025 2242 1431 2308 coloniam,on
1452 2242 1640 2294 Piceni

579 2324 756 2383 caput.

638 2399 704 2445 4³
739 2394 854 2446 Suis
868 2396 1117 2447 lenissimis
1129 2397 1385 2461 postumia
1401 2396 1643 2462 responso]

575 2472 711 2525 Tam
755 2491 906 2541 aequa
949 2476 1209 2541 plerisque
1247 2477 1360 2526 visa
1403 2484 1544 2540 sunt,
1580 2483 1642 2529 ut

576 2552 944 2624 discessionem
962 2552 1189 2604 faciente
1199 2543 1447 2616 Curione,
1461 2569 1640 2605 omnes

574 2629 632 2680 in
652 2644 763 2679 eam
800 2630 1021 2694 pedibus
1053 2630 1259 2680 iverint.
1325 2630 1464 2684 Quid
1502 2633 1641 2683 enim

577 2706 773 2771 nequius
795 2721 948 2771 quam
992 2715 1054 2756 ut
1092 2714 1261 2758 metus
1286 2708 1502 2776 tollendi
1526 2723 1642 2772 gra-

573 2783 651 2833 tia
671 2789 892 2849 uterque
929 2783 993 2833 ab
1029 2784 1264 2834 citercitu
1304 2783 1641 2835 discederet?

575 2862 748 2924 Unde,
771 2868 907 2910 teste
930 2861 1236 2925 Plutarcho,
1252 2860 1480 2926 floribus,
1497 2878 1644 2913 coro-

573 2938 672 3002 nis,
688 2944 744 2987 et
766 2938 949 3002 plausu
973 2954 1005 2987 a
1028 2939 1219 3003 populo
1245 2937 1346 2989 fuit
1358 2948 1642 3010 exceptus,

576 3016 727 3067 simul
767 3030 828 3065 ac
860 3015 914 3063 in
953 3014 1219 3078 publicum
1255 3003 1468 3080 protfllt.
1538 3016 1642 3066 Sed

574 3093 727 3145 aliter
748 3091 911 3142 visum
936 3092 1177 3141 Ciceroni
1181 3092 1293 3157 ,qui
1313 3093 1469 3158 epist.
1482 3094 1550 3144 ad
1564 3091 1641 3144 fa-

571 3171 683 3221 mil.
707 3183 849 3220 xvn.
871 3173 952 3219 10.
973 3168 1047 3218 sic
1070 3166 1261 3218 babet·
1248 3205 1261 3219 .
1296 3169 1312 3197 ‘
1334 3168 1563 3221 Omnino
1584 3177 1641 3221 et

567 3246 691 3312 ipse
711 3248 886 3298 Caesar
910 3245 1102 3296 amicus
1125 3254 1302 3296 noster
1323 3246 1551 3297 minaces
1573 3246 1640 3297 ad

571 3323 820 3374 Senatum
843 3329 900 3373 et
922 3322 1139 3373 acerbas
1176 3321 1354 3374 literas
1394 3324 1622 3375 miserat.
1625 3324 1642 3348 ⁸

566 3400 755 3465 Usque
792 3399 922 3450 adeo
958 3399 1117 3450 variae
1152 3405 1272 3450 sunt
1299 3399 1640 3464 diversorum,

571 3483 732 3542 prout
788 3476 916 3541 ipsis
981 3476 1127 3527 varia
1177 3476 1485 3543 expediunt,
1524 3491 1639 3529 sen-

574 3552 774 3606 tentiae.

627 3628 908 3693 448ἰφια
944 3629 1179 3680 bonoim
1219 3630 1640 3698 ‹equitateresad

572 3706 747 3771 otium]
785 3707 967 3759 otium
986 3707 1194 3771 negotio
1214 3706 1402 3759 bellico
1424 3709 1641 3774 opponi·

573 3790 680 3835 tur.
718 3785 960 3835 Donatus
983 3786 1045 3852 5¹¹„
1057 3786 1388 3835 Terentium:
1416 3788 1432 3818 ‘
1453 3787 1638 3838 Otium

573 3876 669 3926 pro
688 3860 1068 3927 tranquillitate
1088 3867 1145 3912 et
1163 3862 1357 3927 quiete,
1375 3864 1639 3929 negotium

573 3938 713 3988 euim
738 3938 1013 3989 solicitudo
1042 3939 1157 3989 est.’
1243 3940 1640 4007 Proptereaque

573 4015 738 4065 otium
760 4027 854 4079 pro
874 4030 1005 4080 paee
1026 4016 1265 4066 sumitur.

590 4095 705 4141 46
738 4091 985 4142 Proximis
1016 4093 1181 4143 diebus
1211 4093 1414 4144 babetur
1435 4094 1641 4146 &notu

577 4127 716 4218 extra
736 4169 918 4235 arbem]
969 4169 1106 4222 Quia
1126 4171 1380 4235 Pompeio
1395 4186 1497 4221 non
1519 4172 1641 4222 lice

578 4242 673 4298 bat
694 4259 809 4295 esse
826 4245 881 4294 in
898 4246 1051 4309 urbe,
1076 4247 1356 4311 propterea
1391 4248 1528 4314 quod
1549 4250 1641 4300 ob-

575 4317 782 4381 sinebat
800 4320 1123 4444 provinciam
1142 4322 1469 4388 Hispaniam

1786 2168 1854 2216 46
1867 2165 2101 2228 Legiones
2110 2165 2279 2215 habere
2290 2176 2388 2214 sese
2401 2168 2601 2228 paratas
2610 2158 2759 2223 dorm]

1722 2241 1902 2308 Atque
1918 2243 2030 2293 baec
2048 2248 2171 2293 sunt
2186 2240 2392 2292 fallacia
2407 2240 2591 2303 verba,
2605 2238 2757 2305 quibu

1722 2319 2007 2383 Pompeius
2045 2320 2101 2369 in
2140 2333 2370 2369 errorem
2410 2324 2673 2368 senatores
2704 2315 2760 2364 in·

1723 2396 1890 2448 duxit.
1971 2398 2179 2448 Bellum
2213 2397 2351 2446 enim
2386 2397 2668 2461 imparatus
2695 2407 2758 2442 cs·

1722 2473 1955 2538 pessivit.
2023 2473 2271 2525 Habebat
2289 2482 2490 2538 antem,
2516 2472 2558 2524 si
2579 2488 2674 2542 qua
2688 2485 2757 2520 nu·

1720 2566 1976 2603 merorum
1995 2553 2132 2603 notis
2153 2551 2305 2616 fides,
2318 2564 2428 2602 ην
2453 2552 2695 2612 cobortes,
2716 2547 2757 2596 id

1720 2633 1821 2693 est,
1841 2629 2074 2696 legiones
2110 2642 2172 2678 xv
2207 2643 2326 2678 cum
2356 2627 2554 2693 media,
2573 2625 2659 2676 sed
2690 2637 2757 2673 no-

1720 2720 1812 2756 vas
1836 2720 2012 2756 omnes
2037 2711 2233 2771 praeter
2256 2718 2373 2768 xm,
2407 2720 2541 2772 quas
2574 2720 2637 2755 ex
2664 2703 2760 2753 dna-

1722 2781 1819 2832 bus
1843 2783 2130 2848 legionibus
2151 2796 2183 2832 a
2200 2783 2408 2834 Coesare
2430 2797 2531 2847 per
2563 2779 2758 2831 fraudem

1721 2858 1960 2910 abductis
1978 2864 2327 2910 contraxerat.

1784 2939 1851 2986 47
1884 2937 2130 2990 Proetem
2149 2937 2393 2999 cognitum
2418 2940 2759 3002 compertumque

1720 3012 1831 3077 sibi,
1852 3012 1960 3077 ξω]
2023 3014 2090 3064 In
2107 3014 2205 3064 hoc
2228 3014 2488 3078 deceptus
2513 3010 2756 3077 Pompeius

1720 3092 1785 3140 ab
1806 3090 2002 3157 Appio,
2026 3091 2113 3157 qui
2136 3091 2265 3141 duas
2286 3091 2522 3156 legiones
2540 3106 2572 3141 a
2586 3091 2759 3142 Cum

1723 3167 1789 3217 ad
1811 3168 2122 3233 Pompeium
2144 3168 2381 3232 adduxit,
2406 3168 2538 3219 alios
2562 3165 2756 3231 decepit.

1785 3250 1853 3296 48
1884 3246 2092 3298 Faustus
2111 3248 2273 3313 Syllo]
2306 3248 2413 3298 Hic
2437 3256 2556 3298 erat
2577 3247 2697 3298 filins
2712 3245 2757 3295 1..

1722 3323 1950 3374 Cornelii
1998 3324 2177 3388 Syllae,
2228 3340 2492 3391 generque
2542 3321 2756 3392 Pompeii,

1721 3399 1806 3465 qui
1830 3405 2015 3463 postea
2033 3400 2086 3450 in
2110 3402 2431 3452 Mauritania
2452 3409 2649 3468 captus,
2672 3400 2754 3465 jus-

1720 3491 1781 3526 su
1813 3477 2053 3540 Caesaris,
2088 3478 2287 3529 indicta
2308 3494 2487 3545 causa,
2509 3478 2612 3530 fuit
2630 3478 2753 3528 inter-

1717 3551 1909 3619 fectus,
1927 3560 1987 3606 ut
2008 3556 2201 3621 legitur
2221 3556 2273 3605 in
2297 3563 2580 3608 comment.
2597 3557 2658 3606 de
2674 3552 2751 3603 bel.

1718 3630 1889 3682 Afric.
1995 3634 2075 3683 Ea
2096 3634 2161 3684 de
2184 3647 2343 3684 cansa
2382 3634 2564 3686 Caesar
2584 3633 2647 3683 ad
2666 3631 2750 3696 ejus

1718 3708 1917 3758 caedem
1952 3709 2164 3760 videtur
2198 3709 2466 3775 incitatus,
2499 3712 2633 3778 qnod
2664 3710 2751 3774 ipse

1721 3790 1777 3833 et
1819 3783 2064 3836 Afranius
2106 3787 2308 3851 priores
2348 3789 2678 3851 rebellarunt,
2697 3791 2752 3848 et,

1720 3863 1921 3913 libertis
1964 3865 2232 3931 servisque
2266 3867 2375 3932 ejus
2411 3867 2554 3918 ferro
2590 3875 2642 3918 et
2667 3866 2749 3931 igni

1720 3940 1981 3990 crudelem
2021 3941 2073 3991 in
2108 3942 2315 3993 modum
2339 3945 2560 4008 enectiS,
2590 3940 2748 3993 bestias

1721 4033 1924 4085 quoque
1943 4020 2010 4069 ad
2032 4036 2215 4072 munus
2254 4022 2434 4087 populi
2456 4013 2747 4088 comparatas

1717 4093 1831 4158 ipse
1849 4097 2216 4149 trucidaverat.
2283 4099 2664 4163 Propraetornm
2682 4110 2748 4145 an-

1718 4177 1823 4221 tem
1841 4179 1992 4223 erant
2009 4182 2232 4240 quatuor
2251 4191 2459 4240 genera.
2529 4177 2623 4227 Vel
2639 4172 2747 4226 enim

1718 4255 1868 4299 erant
1890 4251 1977 4315 qui
2000 4258 2230 4316 proetura
2251 4251 2420 4304 functi
2440 4252 2493 4302 in
2517 4253 2651 4316 urbe,
2669 4248 2744 4299 snb

1718 4325 1874 4378 finem
1895 4328 2006 4393 ejus
2037 4328 2089 4379 in
2121 4329 2416 4396 provincias
2444 4324 2742 4395 prom-,mis
