3017 4950
478 318 569 386 24

1084 336 1150 385 c.
1194 336 1256 385 s.
1300 329 1636 387 cassius
1685 334 2078 415 commu-r.

477 479 844 547 Garumna⁷
892 481 1153 561 flumen,
1205 502 1249 547 a
1294 474 1891 566 BelgisMa'trona‘
1939 488 2005 547 et
2032 480 2368 567 Sequma’
2411 481 2674 554 dividit.

482 582 746 657 Horum
775 585 1066 649 omnium
1106 585 1446 650 fortissimi
1475 591 1630 651 sunt
1652 583 1964 669 Belgoe,¹⁰
2013 592 2368 670 propterea
2414 587 2597 671 quod
2640 604 2685 653 a

480 685 712 759 cultu¹¹
762 691 956 771 atque
1011 688 1413 753 humanitate
1479 687 1914 753 Provinciae¹²
1983 687 2364 770 longissime
2421 691 2678 770 absunt,

479 788 870 872 minimeque
918 788 1004 851 ad
1049 808 1167 853 eos
1222 796 1616 854 mercatores
1667 809 1853 874 saepe
1911 795 2278 855 commeant
2327 797 2530 875 atque
2573 811 2679 871 ea,

482 909 634 972 quae
665 891 752 955 ad
781 890 1280 956 effoeminandos
1307 886 1616 957 animos¹³
1645 893 1989 975 pertinent,
2017 894 2409 977 important:
2455 895 2684 976 proxi-

376 990 386 999 ’
480 991 711 1075 mique
736 997 887 1056 sunt
914 990 1346 1071 Germanis‚¹⁴
1389 995 1504 1076 qui
1546 999 1726 1058 trans
1771 993 2126 1063 Rhenum¹⁵
2176 996 2490 1073 incolunt,
2538 995 2688 1078 φὶ·-

1485 1195 1698 1245 NOTAE

483 1329 604 1380 gem
641 1318 780 1369 inter
816 1335 872 1371 se
909 1337 1224 1375 communem
1254 1324 1545 1390 habuerint,

482 1393 581 1443 sed
602 1397 737 1460 quod
759 1398 982 1463 aliquam
1014 1408 1217 1464 partem
1237 1402 1430 1466 legum,
1452 1408 1544 1451 aut

483 1471 660 1535 aliqua
680 1474 935 1538 instituta,
960 1485 1050 1528 aut
1074 1478 1270 1544 aliquas
1294 1479 1436 1543 leges
1457 1481 1544 1529 ha·

484 1546 706 1600 buci-ints
748 1554 1060 1618 singularum
1115 1557 1381 1607 civitatum
1439 1572 1544 1608 non

482 1628 708 1681 omnium
750 1647 1065 1696 communes,
1107 1640 1167 1685 ut
1205 1635 1364 1685 etiam
1407 1650 1546 1686 nunc

487 1704 625 1768 apud
687 1707 866 1758 Gallos
922 1716 978 1759 et
1033 1710 1307 1761 Helvetios
1369 1711 1547 1761 videre

485 1791 585 1835 est.
866 1820 875 1827 ·

547 1868 580 1912 '7
617 1865 883 1930 Garumna]
950 1868 1162 1918 fluvius
1207 1883 1238 1917 e
1277 1866 1546 1931 Pyrenaeis

483 1942 744 1991 montibus
814 1945 1077 2007 delapsus,
1132 1959 1337 1994 cursum
1390 1946 1550 1994 babet

485 2028 608 2065 cmx.
628 2018 911 2080 leucarum,
944 2020 1286 2084 'l‘olosamque
1322 2027 1378 2070 et
1413 2021 1549 2070 Bur-

485 2091 722 2158 degalam
743 2096 907 2146 alluit.

552 2175 585 2221 8
617 2174 870 2237 Matrona]
931 2176 1140 2226 Fluvius
1176 2177 1228 2225 in
1259 2175 1549 2241 Lingonum

485 2247 674 2298 finibus
695 2258 858 2315 ortus,
877 2248 1169 2318 Sequanam
1202 2252 1371 2304 influit
1408 2255 1550 2319 apud

487 2323 846 2377 confluentem
883 2330 1035 2393 paulo
1073 2345 1231 2395 supra
1264 2333 1547 2384 Lutetiam.

485 2401 621 2454 Haec
634 2420 798 2470 porro
818 2407 999 2458 divisio
1016 2424 1117 2459 non
1138 2416 1218 2461 est
1237 2425 1400 2477 usqne
1416 2411 1548 2460 adeo

486 2489 748 2548 accurata,
793 2485 918 2550 quin
961 2489 1101 2538 ultra
1153 2490 1386 2556 citraque
1429 2489 1547 2539 illos

485 2555 690 2623 fluvioS,
709 2562 881 2626 aliqua
901 2565 1081 2615 horum
1102 2569 1407 2631 populorum
1428 2582 1548 2631 pars

372 2652 391 2692 g
488 2638 804 2687 constiterit.
873 2641 1030 2703 Cujus
1053 2642 1128 2691 rei
1148 2650 1454 2707 argumento
1470 2639 1551 2693 e'st

489 2713 630 2776 qnod
662 2714 715 2762 in
754 2715 1047 2786 Rotomagi,
1079 2718 1321 2782 Lutetiae,
1354 2719 1555 2768 Melda-

490 2803 706 2855 rumque
744 2791 930 2841 finibus
971 2808 1088 2843 esse
1127 2795 1552 2860 deprehenditur,

489 2880 708 2930 quorum
730 2868 1039 2931 oppidorum
1060 2871 1201 2921 cives
1222 2874 1388 2923 Celtae
1412 2879 1552 2924 sunt.

554 2946 589 2991 9
619 2941 858 3008 Sequana]
903 2945 967 2994 In
990 2946 1416 3012 Burgundionum
1437 2949 1554 2999 fini-

490 3016 588 3067 bus
634 3018 886 3084 nascitur,
921 3023 1286 3091 Lutetiamque
1328 3026 1555 3077 Parisio-

490 3109 603 3146 rum
649 3098 807 3147 totius
852 3098 1040 3150 Galliae
1083 3109 1239 3166 caput
1281 3103 1553 3156 interfluit.

489 3171 659 3223 Porro
697 3190 729 3223 a
763 3174 1029 3227 Garumna
1049 3178 1113 3229 ad
1139 3179 1448 3231 Rhodanum
1467 3197 1555 3232 us-

491 3261 592 3312 que
615 3248 878 3299 Celtarum
902 3253 1167 3317 regionem
1185 3253 1403 3305 finiebat
1426 3258 1555 3306 Pro·

491 3325 666 3377 vincia
688 3328 889 3379 Gallica
919 3344 1009 3380 seu
1034 3331 1422 3394 Narbonensis'3
1471 3349 1558 3383 cu-

481 3402 568 3466 jus
605 3403 751 3469 fineS‚
791 3408 908 3471 quia
948 3409 1060 3457 noti
1100 3408 1348 3459 Romanis
1385 3414 1557 3473 erant,

493 3481 583 3545 qui
603 3481 743 3532 illam
769 3484 1083 3550 jampridem
1115 3485 1468 3552 possidebant,
1489 3486 1559 3537 ab

489 3556 605 3621 ipso
626 3574 726 3609 nou
747 3561 1126 3613 describuntur.

506 3681 513 3688 .
559 3640 622 3686 10
671 3638 862 3688 Horum
900 3641 1107 3691 omnium
1146 3640 1409 3701 fortissimi
1438 3646 1555 3691 sant

492 3714 688 3780 Belgoe]
752 3716 840 3766 Ad
880 3718 1103 3769 animam
1144 3719 1374 3770 refertur
1413 3719 1557 3771 forti-

493 3791 641 3854 tudo,
681 3793 747 3843 ad
788 3809 974 3860 corpus
1009 3795 1147 3846 vires
1186 3803 1241 3847 et
1276 3796 1449 3861 robur,
1487 3797 1556 3847 ad

494 3867 717 3920 inanima
734 3870 848 3922 fere
864 3870 1099 3924 firmitas.
1148 3873 1233 3924 Ad
1247 3874 1382 3925 banc
1400 3889 1557 3938 porro

497 3945 718 3996 Caesaris
753 3951 1063 3999 sententiam
1103 3951 1311 4001 accedit
1339 3952 1558 4002 Tacitus

492 4020 591 4073 lib.
623 4037 703 4074 ιν.
735 4025 1034 4094 “Quicquid
1056 4029 1254 4079 roboris
1277 4030 1414 4093 apud
1437 4028 1560 4078 Gal-

495 4099 575 4150 los
597 4101 685 4163 sit,
703 4102 896 4167 Belgas
918 4104 1070 4155 esse.’
1168 4163 1175 4173 κ

561 4180 620 4226 11
664 4178 1060 4245 Ρνορέενεα,9υοά
1092 4196 1124 4231 a
1153 4180 1304 4244 cultu]
1368 4180 1555 4232 Cultus

495 4251 563 4305 ad
603 4255 832 4321 corporis
869 4264 1125 4324 ornatum,
1167 4256 1451 4310 humanitas
1489 4258 1560 4309 ad

1624 1324 1847 1375 animum
1868 1322 1979 1374 fere
2002 1323 2244 1376 refertur.

1692 1404 1752 1449 12
1786 1400 2077 1464 Provineioe]
2144 1399 2476 1452 Provinciam
2497 1398 2690 1450 Gallie

1624 1476 1975 1527 Narbonensis
2013 1478 2271 1541 iutelligit,
2310 1477 2458 1542 cujus
2496 1490 2686 1526 nomen

1623 1556 1790 1606 adhuc
1824 1557 2018 1608 retinet
2052 1558 2223 1623 aliqua
2258 1573 2394 1622 pars,
2429 1558 2689 1607 Prwenee.

1627 1633 1794 1684 Porro
1814 1648 1939 1684 vere
1975 1635 2107 1685 dicit
2140 1636 2336 1693 cultum
2372 1639 2428 1683 et
2463 1631 2692 1683 humani-

1627 1716 1791 1761 tatem
1827 1727 1858 1761 a
1893 1712 2171 1762 Provincia
2202 1713 2256 1761 in
2289 1711 2511 1761 Galliam
2532 1708 2696 1760 fu‘use

1625 1786 1898 1838 invectam.
1996 1788 2132 1837 Nam
2192 1802 2225 1837 a
2276 1785 2692 1838 Massiliensibus

1630 1863 1844 1925 Galliet
1865 1877 2008 1912 usum
2030 1863 2155 1914 vitoe
2177 1863 2433 1925 cultioris,
2450 1862 2693 1926 depodtu

1627 1939 1880 2000 barbaria,
1913 1947 1970 1991 et
2006 1941 2158 1991 nrbes
2192 1941 2445 1991 moenibus
2477 1940 2693 2002 cingere

1629 2016 1939 2067 didicerunt.
2021 2017 2172 2073 Tunc
2195 2023 2251 2067 et
2271 2016 2474 2081 legibus
2495 2016 2692 2076 vivere,

1628 2108 1731 2143 non
1772 2095 1945 2158 armis,
1987 2100 2112 2145 tuuc
2157 2101 2212 2144 et
2266 2094 2428 2144 vitem
2479 2097 2692 2156 putare,

1629 2176 1754 2221 tunc
1775 2171 1959 2221 olivam
1979 2185 2150 2233 serere
2170 2173 2569 2221 consueverunt.

1697 2252 1757 2298 13
1789 2248 1947 2312 Atque
1979 2264 2057 2312 ea,
2096 2263 2199 2312 «μα
2235 2249 2301 2296 ad
2342 2244 2696 2310 qffoem'nandos

1629 2325 1830 2389 anim]
1864 2325 1993 2375 Cum
2014 2326 2178 2375 multa
2199 2322 2309 2374 tum
2332 2320 2601 2386 principue
2620 2319 2700 2370 vi·

1629 2416 1750 2471 num
1793 2401 2061 2466 intelligit,
2105 2416 2207 2465 quo
2250 2398 2432 2449 scribit
2477 2396 2568 2448 lib.
2611 2409 2692 2449 rv-

1627 2478 1809 2530 horum
1863 2478 2151 2529 Comment.
2202 2478 2397 2527 Suevos
2451 2471 2696 2526 arbitrari

1627 2556 1696 2606 ad
1734 2556 1962 2606 laborem
2006 2554 2280 2607 ferendum
2326 2554 2694 2604 remollescere

1628 2635 1861 2685 homines
1883 2642 2040 2700 atque
2063 2633 2384 2685 effoeminari.
2429 2632 2694 2683 Diodorus

1632 2726 1756 2762 vero
1779 2727 1975 2776 suppar
1996 2717 2155 2763 aetate
2176 2710 2393 2774 Caesari,
2419 2715 2579 2775 negat
2600 2723 2704 2764 ⁸⁸⁸¹

1631 2794 1946 2853 tempestate
1986 2789 2134 2839 nasci
2176 2788 2450 2854 quicquam
2487 2785 2594 2837 vini
2635 2784 2692 2833 in

1632 2864 1822 2928 Gallia,
1851 2865 1945 2915 sed
1979 2864 2159 2915 Gallos
2194 2878 2353 2928 supra
2383 2862 2588 2913 modum
2627 2874 2698 2911 eo

1632 2940 1938 3005 delectatos,
1961 2941 2100 3007 quod
2134 2955 2179 2990 a-
2199 2938 2571 2990 mercatoribus
2590 2951 2698 2987 me·

1632 3032 1746 3067 rum
1781 3018 2039 3082 bibentes,
2072 3018 2130 3066 in
2162 3030 2397 3066 somnum
2435 3020 2526 3065 ant
2560 3015 2697 3064 insa-

1631 3092 1767 3146 niam
1786 3094 2036 3144 incidere.
2601 3131 2610 3138 .

1699 3175 1763 3220 14
1795 3170 2018 3220 Proximi
2046 3174 2157 3220 sunt
2191 3167 2465 3232 Germanis]
2527 3167 2632 3221 Qui
2661 3180 2699 3218 a

1639 3250 1881 3302 Romanis
1911 3251 2161 3302 Germani
2192 3250 2321 3301 dicti
2342 3255 2481 3312 sunt,
2497 3248 2551 3297 hi
2574 3246 2693 3298 olim

1636 3329 1895 3378 Teutones
1918 3335 1974 3378 et
1995 3328 2163 3378 adbuc
2196 3343 2289 3378 sua
2318 3327 2498 3392 lingna
2518 3338 2700 3377 vocan-

1639 3410 1741 3454 tur.
1806 3405 1893 3455 Sic
1913 3403 2048 3466 forte
2070 3419 2102 3455 a
2120 3405 2366 3456 Romanis
2388 3404 2537 3467 dieti,
2559 3401 2704 3469 qnod

1638 3482 1828 3534 mutuis
1851 3483 2050 3542 auxiliis
2085 3497 2141 3532 se
2169 3483 2433 3547 juvarent,
2469 3487 2530 3531 et
2565 3491 2704 3529 com-

1634 3560 1776 3610 muni
1826 3561 2049 3624 quodam
2079 3559 2299 3631 'foedere
2350 3563 2524 3611 essent
2576 3571 2700 3608 cou-

1624 3635 1817 3700 juncti.

1701 3717 1761 3763 15
1802 3713 1955 3764 stans
1969 3713 2208 3781 Rhenum]
2266 3717 2355 3765 De
2378 3727 2483 3779 quo
2501 3713 2578 3763 sic
2597 3711 2706 3760 Ta-

1634 3791 1802 3841 citus:
1856 3792 1873 3821 ‘
1896 3792 2106 3842 Rbenus
2129 3792 2464 3842 Rbeticarum
2486 3788 2706 3853 Alpium

1638 3870 1906 3931 inaccesso
1941 3884 2003 3919 ac
2037 3868 2298 3933 praecipiti
2316 3867 2512 3918 vertice
2535 3871 2700 3923 ortus,

1638 3945 1842 4010 modico
1863 3943 2002 3996 flexu
2023 3946 2347 3996 occidentem
2383 3949 2559 3992 versas
2582 3952 2700 4002 sep-

1638 4023 1939 4073 tentrionali
1976 4022 2188 4073 Oceano
2221 4015 2503 4071 miscetur?
2568 4015 2702 4079 Ejus

1638 4113 1818 4150 cursus
1850 4104 1909 4149 et
1938 4088 2085 4164 origo
2106 4113 2139 4148 a
2157 4097 2365 4152 Caesare
2385 4093 2481 4148 lib.
2501 4106 2578 4144 xv.
2609 4092 2700 4141 bo-

1636 4191 1750 4227 rum
1771 4176 2267 4230 Commentariorum
2300 4172 2420 4225 fuse
2453 4166 2706 4222 describi·

1638 4261 1743 4308 tur.
